2025-10-19T15:47:13.493+07:00  INFO 18256 --- [main] o.l.c.r.api.BinaneFutureRequesterTest    : Starting BinaneFutureRequesterTest using Java 21.0.8 with PID 18256 (started by letua in D:\code\hands-on-kafka\crypto-ex-connector\connector)
2025-10-19T15:47:13.494+07:00 DEBUG 18256 --- [main] o.l.c.r.api.BinaneFutureRequesterTest    : Running with Spring Boot v3.3.4, Spring v6.1.13
2025-10-19T15:47:13.494+07:00  INFO 18256 --- [main] o.l.c.r.api.BinaneFutureRequesterTest    : No active profile set, falling back to 1 default profile: "default"
2025-10-19T15:47:13.907+07:00  INFO 18256 --- [main] o.l.c.r.api.BinaneFutureRequesterTest    : Started BinaneFutureRequesterTest in 0.606 seconds (process running for 1.173)
2025-10-19T15:47:14.398+07:00 DEBUG 18256 --- [main] .l.c.c.e.AbstractExchangeWebClientConfig : Request: 
GET https://fapi.binance.com/fapi/v1/depth?symbol=BTCUSDT&limit=500

2025-10-19T15:47:14.940+07:00 DEBUG 18256 --- [reactor-http-nio-2] .l.c.c.e.AbstractExchangeWebClientConfig : Response: 	{"lastUpdateId":8928769947130,"E":1760863635986,"T":1760863635977,"bids":[["106424.90","0.040"],["106424.80","0.007"],["106424.30","0.001"],["106424.20","0.002"],["106424.00","0.001"],["106423.70","0.002"],["106423.50","0.005"],["106423.40","0.003"],["106423.00","0.197"],["106422.90","0.002"],["106422.80","0.004"],["106422.70","0.002"],["106422.60","0.001"],["106422.30","0.003"],["106422.10","0.143"],["106421.90","0.027"],["106421.70","0.002"],["106421.40","0.026"],["106421.30","0.003"],["106421.00","0.023"],["106420.90","0.001"],["106420.70","0.004"],["106420.50","0.024"],["106420.40","0.003"],["106420.30","0.003"],["106420.10","0.033"],["106420.00","0.005"],["106419.90","0.001"],["106419.80","0.064"],["106419.70","0.002"],["106419.60","0.024"],["106419.40","0.003"],["106419.20","0.025"],["106419.10","0.001"],["106418.70","0.025"],["106418.40","0.005"],["106418.30","0.144"],["106418.10","0.046"],["106417.80","0.002"],["106417.60","0.005"],["106417.50","0.003"],["106417.30","0.143"],["106417.20","0.002"],["106417.10","0.197"],["106417.00","0.003"],["106416.90","0.002"],["106416.30","0.002"],["106416.00","0.003"],["106415.80","0.001"],["106415.50","0.003"],["106415.40","0.003"],["106415.30","0.003"],["106415.10","0.002"],["106415.00","0.002"],["106414.60","0.143"],["106414.50","0.002"],["106414.40","0.074"],["106413.70","0.001"],["106413.60","0.005"],["106413.50","0.001"],["106413.40","0.004"],["106413.30","0.002"],["106413.20","0.002"],["106413.10","0.147"],["106413.00","0.734"],["106412.90","0.343"],["106412.80","0.469"],["106412.60","3.274"],["106412.50","0.003"],["106412.40","0.004"],["106412.30","0.001"],["106412.00","0.003"],["106411.90","0.006"],["106411.80","0.003"],["106411.70","0.002"],["106411.50","0.143"],["106411.40","0.002"],["106411.10","0.003"],["106411.00","0.006"],["106410.90","0.005"],["106410.80","0.004"],["106410.70","0.003"],["106410.60","0.003"],["106410.50","0.003"],["106410.40","0.003"],["106410.30","0.004"],["106410.20","0.002"],["106410.10","0.007"],["106410.00","0.007"],["106409.80","0.172"],["106409.60","0.002"],["106409.50","0.003"],["106409.20","0.002"],["106409.10","0.002"],["106409.00","0.006"],["106408.70","0.002"],["106408.60","0.002"],["106408.50","0.003"],["106408.30","0.005"],["106408.10","0.002"],["106408.00","0.010"],["106407.90","0.001"],["106407.70","0.001"],["106407.60","0.003"],["106407.50","0.002"],["106407.00","0.083"],["106406.90","0.002"],["106406.70","0.040"],["106406.60","0.343"],["106406.50","0.011"],["106406.40","0.003"],["106406.30","0.002"],["106405.90","0.004"],["106405.80","0.003"],["106405.70","0.002"],["106405.60","0.061"],["106405.50","0.001"],["106405.40","0.001"],["106405.20","0.029"],["106405.10","0.143"],["106405.00","0.002"],["106404.90","0.094"],["106404.60","0.003"],["106404.50","0.002"],["106404.30","0.001"],["106404.10","0.046"],["106403.90","0.006"],["106403.80","0.442"],["106403.70","0.001"],["106403.60","0.010"],["106403.40","0.005"],["106403.30","0.005"],["106403.20","0.001"],["106403.00","0.001"],["106402.80","0.518"],["106402.70","0.004"],["106402.60","0.003"],["106402.50","0.002"],["106402.40","0.382"],["106402.30","0.189"],["106402.10","0.002"],["106401.90","0.921"],["106401.80","0.139"],["106401.70","0.199"],["106401.60","0.005"],["106401.50","0.002"],["106401.20","0.149"],["106401.10","0.002"],["106400.90","0.038"],["106400.80","0.120"],["106400.60","0.135"],["106400.40","0.003"],["106400.30","0.002"],["106400.20","0.003"],["106400.00","0.154"],["106399.80","0.001"],["106399.70","0.002"],["106399.60","0.082"],["106399.50","0.004"],["106399.40","0.093"],["106399.30","0.470"],["106399.20","0.005"],["106399.10","0.005"],["106398.90","0.001"],["106398.80","0.008"],["106398.60","0.002"],["106398.50","0.092"],["106398.40","0.002"],["106398.30","0.003"],["106398.10","0.020"],["106397.90","0.002"],["106397.70","0.001"],["106397.50","0.004"],["106397.40","0.140"],["106397.30","0.003"],["106397.20","0.247"],["106397.00","0.783"],["106396.90","0.011"],["106396.80","0.016"],["106396.70","0.017"],["106396.50","0.004"],["106396.30","0.202"],["106396.20","0.145"],["106396.10","0.472"],["106396.00","0.501"],["106395.80","0.149"],["106395.70","0.002"],["106395.60","0.005"],["106395.50","0.005"],["106395.30","0.074"],["106395.20","0.343"],["106395.00","0.004"],["106394.90","0.023"],["106394.80","0.004"],["106394.70","0.001"],["106394.60","0.015"],["106394.50","0.003"],["106394.30","0.027"],["106394.20","0.002"],["106394.00","0.001"],["106393.70","0.002"],["106393.60","0.141"],["106393.50","0.003"],["106393.40","0.095"],["106393.30","0.049"],["106393.20","0.882"],["106393.10","0.002"],["106393.00","0.381"],["106392.90","0.472"],["106392.80","0.003"],["106392.70","0.886"],["106392.50","0.003"],["106392.40","0.005"],["106392.20","0.029"],["106392.10","0.049"],["106392.00","0.926"],["106391.90","0.003"],["106391.70","0.441"],["106391.60","0.199"],["106391.50","0.005"],["106391.40","0.002"],["106391.10","0.144"],["106391.00","0.003"],["106390.90","0.014"],["106390.80","0.019"],["106390.60","0.001"],["106390.50","0.002"],["106390.40","0.002"],["106390.30","0.002"],["106390.20","0.003"],["106390.00","0.008"],["106389.80","0.882"],["106389.50","0.093"],["106389.40","0.012"],["106389.30","0.477"],["106389.20","0.004"],["106389.10","0.002"],["106389.00","0.096"],["106388.90","0.001"],["106388.80","0.455"],["106388.70","0.021"],["106388.40","0.002"],["106388.30","1.240"],["106388.20","0.271"],["106387.90","0.005"],["106387.80","0.468"],["106387.70","0.808"],["106387.60","0.538"],["106387.50","0.425"],["106387.40","0.001"],["106387.20","0.007"],["106387.10","0.319"],["106387.00","0.911"],["106386.90","0.001"],["106386.70","0.001"],["106386.60","0.015"],["106386.50","0.003"],["106386.30","0.008"],["106386.20","1.047"],["106386.10","0.003"],["106386.00","0.013"],["106385.90","0.470"],["106385.80","0.002"],["106385.70","0.800"],["106385.60","0.002"],["106385.50","0.016"],["106385.40","0.002"],["106385.20","0.011"],["106385.00","1.631"],["106384.90","0.002"],["106384.70","0.036"],["106384.60","0.001"],["106384.50","0.001"],["106384.40","0.080"],["106384.20","0.201"],["106384.10","0.003"],["106384.00","0.001"],["106383.70","0.098"],["106383.50","0.004"],["106383.20","0.009"],["106383.10","0.032"],["106382.90","0.125"],["106382.70","0.002"],["106382.60","0.002"],["106382.50","0.442"],["106382.40","0.096"],["106382.30","0.248"],["106382.20","0.029"],["106382.10","0.470"],["106382.00","0.004"],["106381.90","0.633"],["106381.80","0.023"],["106381.70","0.013"],["106381.60","0.010"],["106381.50","0.441"],["106381.40","0.001"],["106381.30","0.017"],["106381.10","0.835"],["106380.90","0.025"],["106380.80","0.003"],["106380.70","0.024"],["106380.60","0.197"],["106380.50","0.039"],["106380.40","0.181"],["106380.30","0.001"],["106380.10","0.748"],["106380.00","0.775"],["106379.90","0.003"],["106379.80","0.031"],["106379.70","1.202"],["106379.60","0.024"],["106379.40","0.001"],["106379.30","0.001"],["106379.20","0.005"],["106378.90","0.470"],["106378.80","0.002"],["106378.70","0.571"],["106378.50","0.676"],["106378.40","0.031"],["106378.30","0.024"],["106378.20","0.004"],["106378.10","0.003"],["106378.00","0.002"],["106377.80","0.528"],["106377.70","0.516"],["106377.60","0.446"],["106377.40","0.640"],["106377.20","0.560"],["106377.00","0.006"],["106376.90","0.024"],["106376.50","0.003"],["106376.40","0.009"],["106376.30","0.003"],["106376.20","0.223"],["106376.00","0.029"],["106375.80","0.004"],["106375.70","0.471"],["106375.60","0.001"],["106375.40","0.001"],["106375.10","0.001"],["106375.00","0.005"],["106374.90","0.019"],["106374.80","0.025"],["106374.70","0.013"],["106374.60","0.375"],["106374.50","0.001"],["106374.40","0.002"],["106374.30","0.002"],["106374.20","0.001"],["106374.10","0.443"],["106374.00","0.393"],["106373.90","0.064"],["106373.80","0.008"],["106373.70","0.003"],["106373.60","0.040"],["106373.50","2.137"],["106373.40","0.001"],["106373.30","0.024"],["106373.00","0.002"],["106372.90","0.200"],["106372.70","0.003"],["106372.60","0.004"],["106372.50","0.281"],["106372.40","0.495"],["106372.30","0.040"],["106372.20","0.661"],["106372.00","0.354"],["106371.90","0.405"],["106371.80","0.560"],["106371.70","0.003"],["106371.60","0.031"],["106371.50","0.024"],["106371.30","0.081"],["106371.20","0.001"],["106371.10","0.485"],["106370.80","0.004"],["106370.70","0.024"],["106370.60","0.294"],["106370.50","0.013"],["106370.40","0.001"],["106370.20","0.016"],["106370.00","0.013"],["106369.80","0.003"],["106369.70","0.003"],["106369.50","0.030"],["106369.30","0.297"],["106369.20","0.375"],["106369.10","0.029"],["106369.00","0.002"],["106368.80","0.470"],["106368.70","0.007"],["106368.50","0.024"],["106368.10","0.026"],["106368.00","0.415"],["106367.90","0.676"],["106367.80","0.004"],["106367.70","0.012"],["106367.50","0.005"],["106367.30","0.001"],["106367.00","0.006"],["106366.80","0.352"],["106366.70","0.018"],["106366.60","0.015"],["106366.40","0.560"],["106366.30","0.044"],["106366.10","0.214"],["106365.90","0.026"],["106365.80","0.024"],["106365.70","0.043"],["106365.60","0.006"],["106365.50","0.472"],["106365.40","0.035"],["106365.30","0.001"],["106365.10","0.012"],["106365.00","0.639"],["106364.90","0.833"],["106364.80","0.016"],["106364.70","0.003"],["106364.60","0.002"],["106364.50","0.800"],["106364.40","0.032"],["106364.30","0.043"],["106364.20","0.025"],["106364.10","0.062"],["106364.00","0.003"],["106363.80","0.376"],["106363.70","0.003"],["106363.30","0.001"],["106363.20","0.060"],["106363.10","0.045"],["106363.00","0.005"],["106362.70","0.058"],["106362.60","0.044"],["106362.50","0.023"],["106362.40","0.789"],["106362.30","0.479"],["106362.10","0.011"],["106362.00","0.003"],["106361.80","0.035"],["106361.70","0.015"],["106361.60","0.002"],["106361.40","0.074"],["106361.20","0.025"],["106361.10","0.206"],["106361.00","0.560"],["106360.90","0.129"],["106360.80","0.030"],["106360.40","0.030"],["106360.10","0.009"],["106360.00","0.053"],["106359.90","0.045"],["106359.80","0.048"],["106359.70","1.373"],["106359.40","0.004"],["106359.30","0.088"],["106359.20","0.001"],["106359.10","0.249"],["106359.00","0.474"],["106358.90","0.040"],["106358.70","0.118"],["106358.60","0.097"],["106358.50","0.105"],["106358.40","0.379"],["106358.20","0.012"],["106358.00","0.082"],["106357.70","0.505"],["106357.60","0.002"],["106357.50","0.913"],["106357.40","0.405"],["106357.30","0.501"],["106357.10","0.010"],["106357.00","0.002"],["106356.90","0.033"],["106356.80","0.002"],["106356.60","0.010"],["106356.40","0.046"],["106356.30","0.002"],["106356.20","0.414"],["106355.90","0.197"],["106355.80","0.471"],["106355.70","2.168"],["106355.60","0.561"],["106355.50","0.001"],["106355.40","0.379"],["106355.20","0.003"],["106355.10","0.051"],["106355.00","0.090"],["106354.80","0.045"],["106354.70","0.017"],["106354.50","0.692"],["106354.40","0.001"],["106354.10","0.036"],["106354.00","0.035"],["106353.90","0.045"],["106353.70","0.006"],["106353.50","0.025"],["106353.40","0.025"],["106353.20","0.017"],["106353.00","0.375"],["106352.90","2.068"]],"asks":[["106425.00","11.509"],["106425.10","0.030"],["106425.20","0.007"],["106425.30","0.001"],["106425.40","0.468"],["106425.50","0.895"],["106425.60","0.076"],["106425.80","0.002"],["106425.90","0.011"],["106426.10","0.023"],["106426.40","0.052"],["106426.60","0.023"],["106426.80","0.002"],["106427.00","0.002"],["106427.20","0.024"],["106427.50","0.008"],["106427.60","0.004"],["106427.90","0.003"],["106428.20","0.002"],["106428.30","0.028"],["106428.70","0.002"],["106428.80","0.443"],["106428.90","0.723"],["106429.00","0.026"],["106429.20","0.001"],["106429.30","0.709"],["106429.40","0.693"],["106429.50","0.610"],["106429.60","0.350"],["106429.80","0.470"],["106429.90","0.398"],["106430.00","0.003"],["106430.10","0.095"],["106430.20","0.001"],["106430.50","0.003"],["106430.60","0.002"],["106430.80","0.001"],["106431.40","0.441"],["106431.50","0.003"],["106431.70","0.002"],["106432.00","0.002"],["106432.10","0.002"],["106432.20","0.001"],["106432.30","0.590"],["106432.40","0.006"],["106432.50","0.003"],["106432.60","0.048"],["106432.70","0.448"],["106432.90","0.001"],["106433.00","0.031"],["106433.10","0.081"],["106433.20","0.472"],["106433.30","0.006"],["106433.40","0.003"],["106433.50","0.003"],["106433.60","0.001"],["106433.70","0.093"],["106433.80","0.001"],["106433.90","0.001"],["106434.30","0.004"],["106434.50","0.003"],["106434.60","0.186"],["106434.70","0.178"],["106434.80","0.002"],["106435.00","0.006"],["106435.10","0.100"],["106435.20","0.005"],["106435.40","0.019"],["106435.50","0.001"],["106435.70","0.192"],["106435.80","0.084"],["106435.90","0.790"],["106436.00","0.645"],["106436.10","0.001"],["106436.20","0.002"],["106436.40","0.104"],["106436.50","0.004"],["106436.70","0.205"],["106436.80","0.473"],["106436.90","0.232"],["106437.00","0.178"],["106437.20","0.104"],["106437.30","0.447"],["106437.40","0.190"],["106437.50","0.005"],["106437.80","0.223"],["106437.90","0.097"],["106438.00","0.112"],["106438.10","0.261"],["106438.20","0.165"],["106438.30","0.224"],["106438.40","0.092"],["106438.50","0.886"],["106438.60","0.002"],["106438.70","0.350"],["106438.80","0.002"],["106438.90","0.001"],["106439.10","0.882"],["106439.20","0.104"],["106439.40","0.002"],["106439.60","0.002"],["106439.70","0.002"],["106439.90","0.009"],["106440.00","0.475"],["106440.20","0.005"],["106440.30","0.002"],["106440.40","0.020"],["106440.60","0.097"],["106440.70","0.002"],["106440.80","0.005"],["106440.90","0.004"],["106441.00","0.017"],["106441.10","0.004"],["106441.20","0.374"],["106441.30","0.011"],["106441.40","0.761"],["106441.50","0.102"],["106441.60","0.001"],["106441.80","0.002"],["106441.90","0.002"],["106442.00","0.593"],["106442.10","0.363"],["106442.20","0.342"],["106442.30","0.761"],["106442.40","0.003"],["106442.50","0.007"],["106442.60","0.882"],["106442.70","0.002"],["106442.80","0.320"],["106442.90","0.042"],["106443.00","0.187"],["106443.10","0.002"],["106443.20","0.006"],["106443.30","1.123"],["106443.40","0.539"],["106443.60","0.007"],["106443.70","0.010"],["106443.80","0.006"],["106443.90","0.073"],["106444.00","0.006"],["106444.10","0.640"],["106444.40","0.005"],["106444.60","0.139"],["106444.70","0.140"],["106444.80","0.007"],["106445.00","0.011"],["106445.10","0.081"],["106445.20","0.179"],["106445.30","0.003"],["106445.50","0.093"],["106445.60","0.003"],["106445.70","0.032"],["106445.80","0.005"],["106445.90","0.002"],["106446.00","0.003"],["106446.10","0.203"],["106446.20","0.006"],["106446.30","0.001"],["106446.40","1.951"],["106446.50","0.475"],["106446.60","0.379"],["106446.70","0.800"],["106446.80","0.001"],["106447.00","0.285"],["106447.10","0.443"],["106447.20","0.005"],["106447.50","0.378"],["106447.60","0.003"],["106447.70","0.001"],["106447.90","0.001"],["106448.00","0.378"],["106448.10","0.003"],["106448.20","0.002"],["106448.30","0.004"],["106448.70","0.001"],["106448.90","0.003"],["106449.00","0.008"],["106449.10","0.345"],["106449.20","0.003"],["106449.30","0.006"],["106449.40","0.002"],["106449.70","0.470"],["106449.80","0.002"],["106449.90","0.001"],["106450.00","0.138"],["106450.20","0.003"],["106450.40","0.007"],["106450.50","0.002"],["106450.70","0.003"],["106451.00","0.003"],["106451.10","0.441"],["106451.20","0.002"],["106451.30","0.861"],["106451.40","0.005"],["106451.50","0.021"],["106451.60","0.017"],["106451.70","0.048"],["106451.90","0.001"],["106452.00","0.374"],["106452.10","0.010"],["106452.20","0.676"],["106452.30","0.444"],["106452.40","0.002"],["106452.50","0.002"],["106452.60","0.001"],["106452.70","0.006"],["106452.90","0.018"],["106453.00","0.017"],["106453.10","0.026"],["106453.20","0.015"],["106453.30","1.026"],["106453.40","0.006"],["106453.50","0.471"],["106453.60","0.141"],["106453.70","0.002"],["106453.80","0.281"],["106454.20","0.442"],["106454.30","0.083"],["106454.40","0.007"],["106454.50","0.345"],["106454.60","0.003"],["106454.70","0.010"],["106455.00","0.002"],["106455.20","0.002"],["106455.30","0.003"],["106455.40","0.005"],["106455.60","0.002"],["106455.70","0.002"],["106455.80","0.006"],["106456.00","0.375"],["106456.10","0.008"],["106456.20","0.003"],["106456.60","0.239"],["106456.70","0.002"],["106456.80","0.006"],["106456.90","0.003"],["106457.00","0.002"],["106457.10","0.001"],["106457.20","0.119"],["106457.30","0.473"],["106457.40","0.375"],["106457.60","0.005"],["106457.90","0.002"],["106458.00","0.202"],["106458.50","0.142"],["106458.60","0.005"],["106458.70","0.046"],["106458.80","0.007"],["106458.90","0.003"],["106459.00","0.080"],["106459.20","0.042"],["106459.50","0.004"],["106459.60","0.126"],["106459.70","0.002"],["106459.80","0.029"],["106459.90","0.003"],["106460.00","0.003"],["106460.10","0.002"],["106460.20","0.001"],["106460.40","0.003"],["106460.50","0.470"],["106460.60","0.003"],["106460.70","0.030"],["106460.80","0.001"],["106460.90","0.001"],["106461.00","0.090"],["106461.10","0.003"],["106461.30","0.103"],["106461.50","0.172"],["106461.70","0.003"],["106462.00","0.186"],["106462.10","0.006"],["106462.20","0.005"],["106462.30","0.433"],["106462.40","0.005"],["106462.80","0.385"],["106463.00","0.016"],["106463.10","0.001"],["106463.20","0.002"],["106463.30","0.048"],["106463.40","0.001"],["106463.50","0.019"],["106463.60","0.003"],["106463.70","0.472"],["106463.80","0.139"],["106463.90","0.001"],["106464.00","0.015"],["106464.20","0.338"],["106464.30","0.003"],["106464.60","0.011"],["106465.00","0.059"],["106465.10","0.059"],["106465.20","1.248"],["106465.30","0.883"],["106465.40","0.007"],["106465.60","0.003"],["106465.80","0.002"],["106466.00","0.002"],["106466.10","0.037"],["106466.20","0.368"],["106466.30","0.020"],["106466.40","0.006"],["106466.80","0.001"],["106466.90","0.650"],["106467.00","0.003"],["106467.10","0.003"],["106467.20","0.001"],["106467.50","0.013"],["106467.60","0.194"],["106467.90","0.800"],["106468.00","0.025"],["106468.10","0.001"],["106468.20","0.379"],["106468.30","0.005"],["106468.40","0.003"],["106468.50","0.457"],["106468.60","0.470"],["106468.70","0.517"],["106468.80","0.009"],["106468.90","0.050"],["106469.20","0.244"],["106469.30","0.004"],["106469.40","0.002"],["106469.50","0.001"],["106469.60","0.637"],["106469.70","0.001"],["106469.90","0.566"],["106470.00","0.004"],["106470.30","0.003"],["106470.40","0.003"],["106470.50","0.001"],["106470.60","0.445"],["106470.70","0.006"],["106470.80","0.003"],["106471.20","0.004"],["106471.30","0.001"],["106471.40","0.008"],["106471.50","0.004"],["106471.60","0.337"],["106471.70","0.001"],["106471.80","0.133"],["106471.90","0.472"],["106472.00","0.005"],["106472.10","0.001"],["106472.20","1.163"],["106472.30","0.252"],["106472.40","0.003"],["106472.60","0.015"],["106472.70","0.142"],["106472.80","0.040"],["106472.90","0.555"],["106473.00","0.002"],["106473.10","0.036"],["106473.20","0.011"],["106473.30","0.561"],["106473.40","0.010"],["106473.60","0.376"],["106473.70","0.003"],["106473.90","0.004"],["106474.00","2.121"],["106474.10","0.004"],["106474.20","0.007"],["106474.50","0.010"],["106474.70","0.797"],["106474.80","0.004"],["106474.90","0.007"],["106475.00","0.003"],["106475.40","0.002"],["106475.50","0.080"],["106475.60","0.559"],["106475.70","0.007"],["106475.90","0.071"],["106476.00","0.002"],["106476.10","0.005"],["106476.20","0.003"],["106476.40","0.002"],["106476.60","0.097"],["106476.70","0.485"],["106476.80","0.280"],["106476.90","0.006"],["106477.00","0.338"],["106477.10","0.441"],["106477.20","0.192"],["106477.30","0.463"],["106477.40","0.002"],["106477.50","0.003"],["106477.60","0.001"],["106477.80","0.007"],["106477.90","0.011"],["106478.00","0.008"],["106478.10","0.001"],["106478.20","0.019"],["106478.30","0.005"],["106478.40","0.098"],["106478.50","0.108"],["106478.60","0.075"],["106478.70","0.561"],["106479.00","0.376"],["106479.10","0.004"],["106479.20","0.231"],["106479.30","0.020"],["106479.40","0.001"],["106479.60","0.002"],["106479.70","0.003"],["106480.00","0.006"],["106480.10","0.003"],["106480.20","0.001"],["106480.30","0.008"],["106480.40","0.470"],["106480.50","0.001"],["106480.90","0.001"],["106481.00","0.002"],["106481.10","0.003"],["106481.20","0.006"],["106481.50","0.360"],["106481.60","0.004"],["106481.80","0.001"],["106482.10","0.003"],["106482.20","0.001"],["106482.30","0.008"],["106482.40","0.005"],["106482.50","0.003"],["106482.60","0.005"],["106482.70","1.136"],["106482.80","0.792"],["106482.90","0.104"],["106483.10","0.003"],["106483.20","0.002"],["106483.50","0.147"],["106483.60","0.054"],["106483.90","0.001"],["106484.00","0.002"],["106484.10","0.563"],["106484.20","0.001"],["106484.40","0.375"],["106484.50","0.001"],["106484.60","0.470"],["106484.70","0.003"],["106484.90","0.002"],["106485.00","0.019"],["106485.10","0.003"],["106485.20","0.002"],["106485.30","0.001"],["106485.40","0.001"],["106485.50","0.029"],["106485.60","0.001"],["106485.70","0.186"],["106485.80","0.538"],["106486.00","0.023"],["106486.10","0.143"],["106486.20","0.702"],["106486.40","0.005"],["106486.50","0.538"],["106486.60","0.010"],["106486.70","0.013"],["106486.90","0.001"],["106487.00","0.008"],["106487.20","0.003"],["106487.30","0.006"],["106487.50","0.098"],["106487.70","1.425"],["106487.80","0.499"],["106487.90","0.093"],["106488.00","0.095"],["106488.10","0.002"],["106488.30","0.003"],["106488.40","0.245"],["106488.50","0.001"],["106488.60","0.140"],["106488.80","0.026"],["106488.90","3.889"],["106489.00","0.348"],["106489.10","0.881"],["106489.20","0.001"],["106489.40","0.002"],["106489.50","0.560"],["106489.60","0.554"],["106489.70","2.120"],["106489.80","0.381"],["106489.90","0.016"],["106490.00","0.203"],["106490.10","0.002"],["106490.20","0.001"],["106490.40","0.069"],["106490.50","0.186"],["106490.70","0.003"],["106491.00","0.002"],["106491.10","0.206"],["106491.40","0.135"],["106491.50","0.499"],["106491.60","0.073"],["106491.70","0.119"],["106491.80","0.794"],["106491.90","0.009"],["106492.00","0.008"],["106492.10","0.095"],["106492.20","0.084"],["106492.30","0.001"],["106492.40","0.010"],["106492.50","0.025"]]}
2025-10-19T15:47:14.971+07:00 DEBUG 18256 --- [main] .l.c.c.e.AbstractExchangeWebClientConfig : Request: 
GET https://fapi.binance.com/fapi/v1/depth?symbol=abc&limit=500

2025-10-19T15:47:15.076+07:00 DEBUG 18256 --- [reactor-http-nio-2] .l.c.c.e.AbstractExchangeWebClientConfig : Response: 	{"code":-1121,"msg":"Invalid symbol."}
2025-10-19T15:47:15.112+07:00  INFO 18256 --- [main] o.l.c.r.api.BingXFutureRequesterTest     : Starting BingXFutureRequesterTest using Java 21.0.8 with PID 18256 (started by letua in D:\code\hands-on-kafka\crypto-ex-connector\connector)
2025-10-19T15:47:15.113+07:00 DEBUG 18256 --- [main] o.l.c.r.api.BingXFutureRequesterTest     : Running with Spring Boot v3.3.4, Spring v6.1.13
2025-10-19T15:47:15.113+07:00  INFO 18256 --- [main] o.l.c.r.api.BingXFutureRequesterTest     : No active profile set, falling back to 1 default profile: "default"
2025-10-19T15:47:15.146+07:00  INFO 18256 --- [main] o.l.c.r.api.BingXFutureRequesterTest     : Started BingXFutureRequesterTest in 0.053 seconds (process running for 2.413)
2025-10-19T15:47:15.155+07:00 DEBUG 18256 --- [main] .l.c.c.e.AbstractExchangeWebClientConfig : Request: 
GET https://open-api.bingx.com/openApi/swap/v2/quote/contracts?symbol=BTC-USDT&recvWindow=6000&timestamp=1760863635154

2025-10-19T15:47:17.657+07:00 DEBUG 18256 --- [reactor-http-nio-3] .l.c.c.e.AbstractExchangeWebClientConfig : Response: 	{"code":0,"msg":"","data":[{"contractId":"100","symbol":"BTC-USDT","size":"0.0001","quantityPrecision":4,"pricePrecision":1,"feeRate":0.0005,"makerFeeRate":0.0002,"takerFeeRate":0.0005,"tradeMinLimit":0,"tradeMinQuantity":0.0001,"tradeMinUSDT":2,"currency":"USDT","asset":"BTC","status":1,"apiStateOpen":"true","apiStateClose":"true","ensureTrigger":true,"triggerFeeRate":"0.00050000","brokerState":false,"launchTime":1586275200000,"maintainTime":0,"offTime":0,"displayName":"BTC-USDT"}]}
2025-10-19T15:47:17.663+07:00 DEBUG 18256 --- [main] .l.c.c.e.AbstractExchangeWebClientConfig : Request: 
GET https://open-api.bingx.com/openApi/swap/v2/quote/contracts?symbol=abc&recvWindow=6000&timestamp=1760863637662invalid

2025-10-19T15:47:17.770+07:00 DEBUG 18256 --- [reactor-http-nio-3] .l.c.c.e.AbstractExchangeWebClientConfig : Response: 	{"code":109414,"msg":"Invalid parameters, err:symbol: This field must be either empty or end with -USDT or -USDC. ","data":{}}
2025-10-19T15:47:17.792+07:00  INFO 18256 --- [main] o.l.c.r.api.OKXFutureRequesterTest       : Starting OKXFutureRequesterTest using Java 21.0.8 with PID 18256 (started by letua in D:\code\hands-on-kafka\crypto-ex-connector\connector)
2025-10-19T15:47:17.792+07:00 DEBUG 18256 --- [main] o.l.c.r.api.OKXFutureRequesterTest       : Running with Spring Boot v3.3.4, Spring v6.1.13
2025-10-19T15:47:17.792+07:00  INFO 18256 --- [main] o.l.c.r.api.OKXFutureRequesterTest       : No active profile set, falling back to 1 default profile: "default"
2025-10-19T15:47:17.824+07:00  INFO 18256 --- [main] o.l.c.r.api.OKXFutureRequesterTest       : Started OKXFutureRequesterTest in 0.045 seconds (process running for 5.091)
2025-10-19T15:47:17.826+07:00 DEBUG 18256 --- [main] .l.c.c.e.AbstractExchangeWebClientConfig : Request: 
GET https://www.okx.com/api/v5/market/books-full?instId=BTC-USDT-SWAP&sz=400

2025-10-19T15:47:18.930+07:00 DEBUG 18256 --- [reactor-http-nio-4] .l.c.c.e.AbstractExchangeWebClientConfig : Response: 	{"code":"0","msg":"","data":[{"asks":[["106417.9","482.44","37"],["106418","4.15","3"],["106418.1","0.03","1"],["106418.6","49.06","2"],["106418.7","0.01","1"],["106418.8","9.33","1"],["106420","0.01","1"],["106420.1","0.01","1"],["106420.5","47","1"],["106421.3","37.6","1"],["106421.4","3.98","2"],["106421.6","47.01","2"],["106422.9","0.01","1"],["106423.1","0.01","1"],["106423.7","9.33","1"],["106423.8","23.38","3"],["106424","1.89","3"],["106424.2","12.11","1"],["106424.3","1.26","1"],["106424.6","0.01","1"],["106425.5","102.53","1"],["106425.6","122.29","3"],["106426.7","0.01","1"],["106426.8","0.07","2"],["106426.9","0.55","2"],["106427.4","10.01","2"],["106427.5","0.01","1"],["106427.7","0.28","2"],["106428","0.01","1"],["106428.2","77.53","3"],["106428.3","0.01","1"],["106428.6","0.01","1"],["106429","14.41","1"],["106429.1","49.78","3"],["106429.3","75.31","2"],["106429.4","146.4","2"],["106429.7","1","1"],["106430","0.01","1"],["106430.4","0.69","2"],["106430.6","0.02","2"],["106430.7","52.64","1"],["106430.9","48.29","5"],["106431.6","1.93","1"],["106431.8","19.25","1"],["106431.9","0.01","1"],["106432.1","0.03","1"],["106432.3","6","1"],["106432.4","0.35","1"],["106432.6","9.2","2"],["106432.7","16.96","2"],["106432.8","93.55","2"],["106432.9","0.01","1"],["106433.2","23.28","2"],["106433.3","27.61","3"],["106433.4","31.61","5"],["106433.5","0.02","1"],["106433.7","0.3","1"],["106434.2","22.5","2"],["106434.3","52.64","1"],["106434.4","15.51","3"],["106434.5","8.5","1"],["106434.6","0.01","1"],["106434.9","115.14","2"],["106435.3","46.99","2"],["106435.4","10.36","2"],["106435.5","15.5","2"],["106435.8","10","1"],["106436","0.01","1"],["106436.4","0.01","1"],["106436.5","6","1"],["106436.6","7","1"],["106436.9","9.52","1"],["106437","75.3","1"],["106437.2","0.46","1"],["106437.3","21.13","1"],["106437.5","0.18","1"],["106437.6","59.7","3"],["106437.7","76.9","2"],["106437.8","0.01","1"],["106437.9","0.35","1"],["106438","0.01","1"],["106438.3","0.19","2"],["106438.4","26.8","2"],["106438.5","38.79","1"],["106438.7","13.5","2"],["106439.4","0.01","1"],["106439.5","0.01","1"],["106439.6","1.88","2"],["106439.8","1.87","1"],["106439.9","0.01","1"],["106440","21.15","3"],["106440.1","0.29","2"],["106440.2","136.89","1"],["106440.3","75.31","2"],["106440.4","21.14","1"],["106440.7","4.5","1"],["106440.9","23","2"],["106441","130.01","2"],["106441.1","0.46","1"],["106441.2","11.96","1"],["106441.5","52.68","3"],["106441.6","25.28","1"],["106442.1","0.01","1"],["106442.5","0.01","1"],["106442.7","0.01","1"],["106442.8","2.81","1"],["106443.3","46.96","1"],["106443.6","75.3","1"],["106443.7","0.03","2"],["106444","18.8","2"],["106444.2","0.02","1"],["106444.3","8.32","1"],["106444.8","27.82","3"],["106444.9","9.52","1"],["106445","52.64","1"],["106445.2","0.01","1"],["106445.5","7.36","3"],["106445.7","181.91","1"],["106445.9","0.01","1"],["106446.1","122.66","4"],["106446.2","0.02","1"],["106446.3","0.01","1"],["106446.5","0.3","1"],["106447.6","0.01","1"],["106447.7","0.25","1"],["106447.8","0.01","1"],["106447.9","93.91","1"],["106448","27.37","1"],["106448.5","52.64","1"],["106448.6","0.62","1"],["106448.7","95.31","4"],["106448.8","0.02","1"],["106448.9","18.78","1"],["106449","0.06","1"],["106449.1","281.79","2"],["106449.2","13.09","2"],["106449.3","0.26","2"],["106449.4","73.69","2"],["106449.5","34.3","2"],["106449.8","0.01","1"],["106450","90.61","3"],["106450.1","0.02","1"],["106450.2","0.01","1"],["106450.3","68.09","2"],["106450.4","0.1","1"],["106450.5","227.29","2"],["106450.6","3.28","2"],["106450.7","306.21","2"],["106451.1","0.47","2"],["106451.2","26.77","2"],["106451.3","0.01","1"],["106451.5","0.28","1"],["106451.7","0.28","1"],["106451.8","53.42","2"],["106452","75.4","2"],["106452.5","21.14","2"],["106452.8","0.01","1"],["106453","5.2","4"],["106453.6","0.01","1"],["106453.8","157.92","2"],["106454","28.04","4"],["106454.3","0.01","1"],["106454.4","140.8","6"],["106454.5","21.13","1"],["106454.6","28.64","3"],["106454.8","56.07","1"],["106454.9","0.02","1"],["106455","16.32","2"],["106455.5","51.65","1"],["106455.6","2.05","2"],["106455.7","52.64","1"],["106455.8","85.62","5"],["106455.9","37.38","1"],["106456","9.34","1"],["106456.1","0.01","1"],["106456.2","9.34","1"],["106456.3","207.48","2"],["106456.4","103.31","2"],["106456.5","9.52","1"],["106456.7","0.07","1"],["106456.8","51.65","1"],["106456.9","0.74","1"],["106457","55","2"],["106457.1","10","1"],["106457.4","0.02","2"],["106457.6","32.72","4"],["106457.7","26.34","2"],["106457.8","4.73","1"],["106458","0.01","1"],["106458.1","37.38","1"],["106458.4","0.03","1"],["106458.6","7.1","1"],["106459","0.13","1"],["106459.1","22.85","3"],["106459.2","46.72","2"],["106459.3","9.39","1"],["106459.4","2.16","1"],["106459.5","0.01","1"],["106459.8","2.64","1"],["106460","19.41","4"],["106460.2","95.27","2"],["106460.3","37.38","1"],["106460.4","75.3","1"],["106460.7","56.31","2"],["106460.8","27.36","1"],["106460.9","9.72","2"],["106461","0.01","1"],["106461.1","0.01","1"],["106461.3","47.03","3"],["106461.4","46.72","2"],["106461.5","35.22","1"],["106461.6","0.01","1"],["106461.7","52.64","1"],["106461.8","319.17","1"],["106462.3","9.35","2"],["106462.4","0.03","1"],["106462.5","37.38","1"],["106462.8","0.1","1"],["106463","1.76","1"],["106463.3","2.53","1"],["106463.4","38.62","2"],["106463.5","0.01","1"],["106463.6","37.38","1"],["106463.7","75.3","1"],["106463.8","1.64","1"],["106463.9","290.45","2"],["106464","103.31","4"],["106464.1","0.01","1"],["106464.2","0.68","1"],["106464.4","0.18","1"],["106464.5","1.4","1"],["106464.7","38.3","2"],["106464.8","25.06","1"],["106465.1","9.53","2"],["106465.2","0.06","1"],["106465.4","22.1","4"],["106465.5","23.34","2"],["106465.6","95.96","4"],["106465.7","9.34","2"],["106465.8","37.39","2"],["106465.9","0.01","1"],["106466","70.43","1"],["106466.3","0.65","1"],["106466.4","0.02","2"],["106466.6","12","2"],["106466.7","0.88","8"],["106466.8","9.34","1"],["106466.9","344.34","3"],["106467","52.64","1"],["106467.1","9.34","1"],["106467.2","25.24","2"],["106467.5","47.42","3"],["106467.6","4.5","1"],["106467.7","0.03","1"],["106467.8","0.78","1"],["106467.9","0.11","1"],["106468","37.38","1"],["106468.6","28.11","1"],["106468.7","9.38","3"],["106468.9","0.01","1"],["106469","0.01","1"],["106469.4","104.43","2"],["106469.5","114.81","3"],["106469.6","0.01","1"],["106470","0.01","1"],["106470.2","52.65","2"],["106470.3","84.64","2"],["106470.4","55.87","2"],["106470.7","36.78","1"],["106470.8","9.34","1"],["106470.9","0.01","1"],["106471","95.11","3"],["106471.1","0.09","2"],["106471.3","0.15","2"],["106471.6","7.52","2"],["106471.7","0.01","1"],["106471.8","0.01","1"],["106471.9","9.34","1"],["106472","0.37","1"],["106472.1","0.06","3"],["106472.2","37.77","3"],["106472.4","0.01","1"],["106472.6","0.01","1"],["106472.8","0.01","1"],["106472.9","5","1"],["106473","0.01","1"],["106473.2","0.01","1"],["106473.4","203.79","3"],["106473.5","137.28","3"],["106473.6","27.32","2"],["106473.7","11.63","1"],["106474.1","0.03","1"],["106474.4","5.86","2"],["106474.5","0.3","1"],["106474.7","0.57","2"],["106474.8","3.83","1"],["106474.9","0.02","1"],["106475","0.01","1"],["106475.1","9.34","1"],["106475.6","0.01","1"],["106475.7","5.19","3"],["106475.8","76.62","3"],["106475.9","4.67","1"],["106476","0.15","3"],["106476.1","0.01","1"],["106476.2","9.35","2"],["106476.3","0.02","1"],["106476.4","113.46","7"],["106476.5","5","1"],["106476.6","0.01","1"],["106476.7","137.28","3"],["106476.8","26.73","3"],["106476.9","38.2","1"],["106477","0.02","2"],["106477.1","132.68","1"],["106477.2","3.01","2"],["106477.3","0.01","1"],["106477.6","9.34","1"],["106477.7","0.01","1"],["106477.8","0.03","1"],["106477.9","56.36","4"],["106478.2","0.34","1"],["106478.5","4.01","2"],["106478.6","14","1"],["106478.8","0.01","1"],["106478.9","0.46","1"],["106479","9.34","1"],["106479.1","11.63","1"],["106479.2","0.01","1"],["106479.4","0.47","1"],["106479.5","0.02","2"],["106479.6","0.01","1"],["106479.9","0.01","1"],["106480","355.51","16"],["106480.2","0.01","1"],["106480.3","14.67","2"],["106480.6","9.34","1"],["106480.7","52.65","2"],["106480.8","27.87","1"],["106481","0.01","1"],["106481.4","9.53","2"],["106481.5","0.93","4"],["106481.6","16.44","2"],["106481.7","0.03","1"],["106481.8","38.98","3"],["106482.1","0.01","1"],["106482.2","9.36","3"],["106482.5","75.3","1"],["106482.6","125.76","3"],["106482.9","0.06","1"],["106483","9.35","2"],["106483.2","28.26","6"],["106483.3","0.01","1"],["106483.4","0.13","2"],["106483.5","38.97","2"],["106483.7","0.01","1"],["106483.8","0.01","1"],["106483.9","0.13","2"],["106484","12.28","4"],["106484.3","0.02","2"],["106484.5","64.35","2"],["106484.6","74.01","2"],["106484.7","0.03","1"],["106485.2","0.01","1"],["106485.6","9.34","1"],["106485.7","0.01","1"],["106485.9","1.33","4"],["106486","0.04","2"],["106486.1","0.26","1"],["106486.2","75.83","3"],["106486.3","0.01","1"],["106486.4","27.31","1"],["106486.5","0.05","3"],["106486.6","0.01","1"],["106486.7","3.78","2"],["106486.8","0.01","1"],["106487","9.36","2"],["106487.2","38.96","1"],["106487.4","0.02","1"],["106487.7","0.04","1"],["106488","70.53","3"],["106488.1","0.02","2"],["106488.2","0.02","2"],["106488.4","11.78","2"],["106488.6","56.07","1"],["106488.7","0.03","1"],["106488.8","5","1"],["106488.9","2.38","2"],["106489.6","26.69","1"],["106489.7","0.01","1"],["106489.8","5","1"],["106489.9","12.11","1"],["106490","1.24","3"],["106490.6","0.68","1"],["106490.7","0.03","3"],["106490.9","52.65","2"],["106491","5.03","2"],["106491.2","0.22","2"],["106491.3","75.31","2"],["106491.4","112.18","5"]],"bids": [["106417.8","294.24","20"],["106417.7","0.04","2"],["106417.6","0.03","1"],["106417","2.67","1"],["106416","2.67","1"],["106415.3","0.01","1"],["106415","2.67","1"],["106413.8","0.01","1"],["106413.4","0.02","2"],["106413.3","0.01","1"],["106413","2.97","2"],["106412.8","0.25","1"],["106411.9","0.06","1"],["106411.5","0.01","1"],["106411.1","0.01","1"],["106410.5","0.03","1"],["106410","0.05","4"],["106409.9","3.78","1"],["106408.7","5","1"],["106408.4","0.03","2"],["106408.2","0.02","2"],["106408.1","0.01","1"],["106407.7","5.19","4"],["106407.6","10.05","3"],["106407.2","13.4","2"],["106407","12.12","2"],["106406.8","0.01","1"],["106406.7","53.55","3"],["106406.6","15","3"],["106406.4","0.32","1"],["106406.3","0.2","1"],["106406.1","52.64","1"],["106406","0.03","1"],["106405.6","5","1"],["106405.5","5","1"],["106405.4","5","1"],["106405.2","0.01","1"],["106405","5","1"],["106404.9","57.58","3"],["106404.7","1.11","1"],["106404.4","10","2"],["106404","7.53","2"],["106403.9","10.01","3"],["106403.8","0.01","1"],["106403.7","0.01","1"],["106403.5","0.01","1"],["106403.4","5","1"],["106403.3","21.64","2"],["106403.2","9","1"],["106403.1","0.03","1"],["106402.9","5","1"],["106402.8","0.01","1"],["106402.5","3.83","1"],["106402.4","8.63","4"],["106402.3","11.3","3"],["106402.2","0.01","1"],["106401.8","23.41","5"],["106401.6","15.61","3"],["106401.5","2.38","1"],["106401.4","86.78","1"],["106401.3","52.64","1"],["106401.1","0.01","1"],["106401","1.32","1"],["106400.7","0.07","2"],["106400.6","1.87","1"],["106400.4","75.34","3"],["106400.3","0.37","2"],["106400.2","4.97","2"],["106400.1","0.01","1"],["106400","12.96","16"],["106399.6","0.01","1"],["106399.5","38.45","2"],["106399.4","0.93","1"],["106399.2","12.11","1"],["106399","0.28","2"],["106398.6","0.01","1"],["106398.1","3.75","1"],["106397.7","0.03","2"],["106397.6","52.64","1"],["106397.5","0.36","2"],["106397.3","220.28","2"],["106397.2","75.3","1"],["106397.1","0.03","1"],["106396.6","9.39","1"],["106396.2","227.42","3"],["106396.1","0.31","2"],["106395.4","0.86","1"],["106395.3","0.01","1"],["106395.2","104.31","2"],["106395","46.96","1"],["106394.4","115.95","3"],["106394.2","52.64","1"],["106393.8","0.04","2"],["106393.7","67.11","3"],["106393.6","27.81","1"],["106392.8","0.3","1"],["106392.4","0.01","1"],["106392.3","0.01","1"],["106392.2","272.01","4"],["106392.1","11.64","2"],["106392","31.6","2"],["106391.9","106.22","2"],["106391.8","14.92","1"],["106391.3","0.01","1"],["106390.8","52.65","2"],["106390.6","0.02","1"],["106390.4","34.59","2"],["106390.1","56.11","3"],["106390","17.64","3"],["106389.5","0.52","2"],["106389.4","0.01","1"],["106389.2","0.02","1"],["106388.9","104.3","3"],["106388.8","31.61","3"],["106388.6","0.48","3"],["106388.5","75.3","1"],["106388.4","0.38","3"],["106388.2","0.01","1"],["106387.7","0.01","1"],["106387.4","0.03","1"],["106387.2","131.01","4"],["106387.1","37.86","1"],["106387","37.71","2"],["106386.9","21.22","3"],["106386.8","0.46","1"],["106386.7","11.69","1"],["106386.6","0.01","1"],["106386.5","52.14","2"],["106386.4","14","1"],["106386.3","193.76","1"],["106386.2","0.01","1"],["106385.9","1.36","1"],["106385.7","0.02","1"],["106385.4","0.01","1"],["106385.3","75.3","1"],["106385.1","0.69","2"],["106385","47.61","2"],["106384.7","56.08","2"],["106384.6","0.02","2"],["106384.3","0.01","1"],["106384.1","0.03","1"],["106384","82.82","3"],["106383.9","0.51","3"],["106383.7","1.12","1"],["106383.6","88.06","5"],["106383.5","47.01","1"],["106383.4","9.44","3"],["106383.1","46.98","1"],["106383","21.14","2"],["106382.4","0.35","1"],["106382.3","0.32","1"],["106382.2","21.14","1"],["106382.1","75.31","2"],["106381.9","21.13","1"],["106381.8","0.04","2"],["106381.6","0.01","1"],["106381.5","0.19","2"],["106381.4","0.23","1"],["106381.3","11.69","1"],["106381","21.11","2"],["106380.9","4","2"],["106380.8","27.74","1"],["106380.7","0.46","1"],["106380.6","0.01","1"],["106380","5.09","6"],["106379.7","31.66","3"],["106379.5","61.98","2"],["106379.4","9.34","1"],["106379.3","56.07","1"],["106379.1","0.01","1"],["106379","0.02","2"],["106378.9","0.03","1"],["106378.6","0.01","1"],["106378.5","113.08","3"],["106378.4","75.75","3"],["106378.2","40.38","2"],["106378.1","93.91","1"],["106378","18.68","2"],["106377.6","25.19","1"],["106377.4","17.63","2"],["106377.2","37.71","2"],["106377.1","300.75","3"],["106377","21.61","2"],["106376.5","9.34","1"],["106376.3","0.01","1"],["106376.1","461.38","3"],["106376","50","1"],["106375.9","12","2"],["106375.8","0.06","1"],["106375.7","7.1","1"],["106375.6","187.54","1"],["106375.5","0.25","3"],["106375.3","75.3","1"],["106375.2","0.08","1"],["106375.1","0.08","1"],["106375","37.39","2"],["106374.7","52.64","1"],["106374.6","0.01","1"],["106374.5","9.34","1"],["106374.4","26.7","3"],["106374.1","39.94","3"],["106374","12.68","3"],["106373.9","93.45","2"],["106373.7","17.02","1"],["106373.6","179.22","2"],["106373.2","14.01","2"],["106372.8","37.39","2"],["106372.6","9.34","1"],["106372.5","9.34","1"],["106372.2","4.12","2"],["106372.1","150.96","3"],["106372","32.11","2"],["106371.7","37.72","2"],["106371.3","0.01","1"],["106371.2","29.36","2"],["106371.1","0.01","1"],["106371","37.96","2"],["106370.8","267.93","2"],["106370.7","3","1"],["106370.6","37.39","2"],["106370.5","11.99","1"],["106370.3","0.03","1"],["106370.2","28.11","1"],["106370","0.07","1"],["106369.9","4.12","2"],["106369.7","0.14","1"],["106369.5","37.38","1"],["106369.4","0.01","1"],["106369.2","4.3","3"],["106369.1","21.74","2"],["106369","182.64","2"],["106368.9","75.3","1"],["106368.8","4.13","3"],["106368.7","38.26","1"],["106368.6","9.34","1"],["106368.5","56.07","1"],["106368.4","37.39","2"],["106368.3","0.01","1"],["106368.1","9.34","1"],["106368","27.73","1"],["106367.7","0.46","1"],["106367.6","21.13","1"],["106367.5","0.18","1"],["106367.4","1.32","1"],["106367.3","37.38","1"],["106367.2","9.35","2"],["106367.1","0.01","1"],["106367","1.08","1"],["106366.9","21.21","3"],["106366.5","75.43","3"],["106366.4","0.01","1"],["106366.3","281.11","1"],["106366.2","37.38","1"],["106366","4.12","2"],["106365.7","0.01","1"],["106365.6","0.03","2"],["106365.5","4.12","2"],["106365.4","0.01","1"],["106365.3","1.33","1"],["106365.2","75.3","1"],["106365.1","11.99","1"],["106364.9","152.44","1"],["106364.8","34.53","2"],["106364.7","37.83","1"],["106364.6","3.83","1"],["106364.5","0.06","1"],["106364","4.12","2"],["106363.9","0.01","1"],["106363.8","0.01","1"],["106363.4","52.73","2"],["106363.3","38.78","1"],["106363.2","18.68","2"],["106363.1","56.07","1"],["106362.9","0.08","1"],["106362.6","14","1"],["106362.4","4.13","3"],["106362.3","1.78","1"],["106362.1","185","1"],["106361.8","14.38","4"],["106361.6","36.03","3"],["106361.3","7.1","1"],["106361.2","1.31","1"],["106361.1","0.2","1"],["106361","0.01","1"],["106360.9","0.01","1"],["106360.2","75.07","2"],["106360","10.57","7"],["106359.7","11.96","1"],["106359.4","4.14","4"],["106359.3","75.3","1"],["106359.1","2.37","1"],["106359","0.1","1"],["106358.8","24.98","1"],["106358.7","37.84","1"],["106358.4","36.65","3"],["106358.3","0.26","1"],["106358.1","0.46","1"],["106358","5.21","3"],["106357.9","38.8","3"],["106357.8","9.34","1"],["106357.7","91.36","4"],["106357.4","0.03","1"],["106357.3","56.07","1"],["106357.2","0.01","1"],["106357.1","0.02","2"],["106357","52.64","1"],["106356.9","8.43","1"],["106356.6","5","1"],["106356.4","0.01","1"],["106356.1","9.34","1"],["106355.9","76.41","3"],["106355.8","0.04","4"],["106355.6","110.58","2"],["106355.5","6.78","3"],["106355.2","27.78","1"],["106355.1","1.87","2"],["106355","6.18","3"],["106354.9","9.35","2"],["106354.8","1.86","2"],["106354.7","0.1","2"],["106354.6","1.7","1"],["106354.5","5","1"],["106354.4","5.31","1"],["106354.3","12.13","1"],["106354.1","0.01","1"],["106353.5","5","1"],["106353.4","0.01","1"],["106353.3","0.05","1"],["106353","0.01","1"],["106352.9","10","2"],["106352.8","1.78","1"],["106352.7","75.3","1"],["106352.5","48.13","3"],["106352.4","9.34","1"],["106352.3","56.44","2"],["106352","25.21","2"],["106351.9","0.07","6"],["106351.8","5","1"],["106351.6","14","1"],["106351.4","8.46","5"],["106351.3","112.73","3"],["106351.2","0.12","1"],["106350.9","0.01","1"],["106350.7","9.34","1"],["106350.4","0.01","1"],["106350.3","0.03","3"],["106350.2","9.41","3"],["106350","11.35","14"],["106349.9","0.61","2"],["106349.6","0.01","1"],["106349.4","1.73","1"],["106349.2","75.35","3"],["106349.1","3.56","1"],["106349","2.06","1"],["106348.9","17.12","3"],["106348.8","27.39","2"],["106348.7","5","1"],["106348.6","0.02","2"],["106348.5","0.03","1"],["106348.2","1.73","1"],["106347.9","13.46","3"],["106347.8","0.02","2"],["106347.6","5.01","2"],["106347.4","0.01","1"],["106347.2","0.18","1"],["106347.1","40.49","2"],["106346.9","56.07","1"],["106346.8","3.75","1"],["106346.7","57.47","5"],["106346.6","56.07","1"],["106346.4","0.01","1"],["106346.2","6.95","2"],["106345.9","0.02","2"],["106345.7","1.73","1"],["106345.6","36.71","2"],["106345.5","0.06","4"],["106345.4","1.73","1"],["106345.3","11.08","3"],["106345.2","0.01","1"],["106345","8.5","4"],["106344.9","11.2","1"],["106344.7","2.06","1"],["106344.6","0.01","1"],["106344.4","0.01","1"],["106344.2","0.02","1"],["106344","77.03","2"],["106343.7","2.06","1"],["106343.6","112.56","4"],["106343.5","17.18","5"],["106343.3","13.91","3"],["106343.2","395.79","2"],["106343.1","0.01","1"],["106343","20.01","2"],["106342.9","2.74","3"],["106342.8","0.01","1"],["106342.6","0.01","1"],["106342.5","2.06","1"],["106342.4","27.81","1"],["106342.2","0.01","1"],["106341.7","38.76","1"]],"ts": "1760863640008"}]}
2025-10-19T15:47:18.934+07:00 DEBUG 18256 --- [main] .l.c.c.e.AbstractExchangeWebClientConfig : Request: 
GET https://www.okx.com/api/v5/market/books-full?instId=abc&sz=400

2025-10-19T15:47:19.049+07:00 DEBUG 18256 --- [reactor-http-nio-4] .l.c.c.e.AbstractExchangeWebClientConfig : Response: 	{"code":"51001","msg":"Instrument ID does not exist."}
2025-10-19T15:47:19.067+07:00  INFO 18256 --- [main] o.l.c.r.ws.BinanceFutureWebSocketTest    : Starting BinanceFutureWebSocketTest using Java 21.0.8 with PID 18256 (started by letua in D:\code\hands-on-kafka\crypto-ex-connector\connector)
2025-10-19T15:47:19.067+07:00 DEBUG 18256 --- [main] o.l.c.r.ws.BinanceFutureWebSocketTest    : Running with Spring Boot v3.3.4, Spring v6.1.13
2025-10-19T15:47:19.067+07:00  INFO 18256 --- [main] o.l.c.r.ws.BinanceFutureWebSocketTest    : No active profile set, falling back to 1 default profile: "default"
2025-10-19T15:47:19.097+07:00  INFO 18256 --- [main] o.l.c.r.ws.BinanceFutureWebSocketTest    : Started BinanceFutureWebSocketTest in 0.041 seconds (process running for 6.364)
2025-10-19T15:47:19.099+07:00  INFO 18256 --- [main] o.l.c.r.ws.BinanceFutureWebSocket        : Subscribing to: wss://fstream.binance.com/ws/bnbusdt@aggTrade with message null
2025-10-19T15:47:19.115+07:00  INFO 18256 --- [main] o.l.c.requestor.ws.BybitFutureWebSocket  : Subscribing to: wss://stream.bybit.com/v5/public/linear with message {"req_id": "test","op": "subscribe","args": ["orderbook.500.BTCUSDT"]}
2025-10-19T15:47:19.117+07:00  INFO 18256 --- [main] o.l.c.requestor.ws.BybitFutureWebSocket  : Subscribing to: wss://stream.bybit.com/v5/public/linear with message {"req_id": "test","op": "subscribe","args": ["publicTrade.BTCUSDT"]}
2025-10-19T15:47:19.123+07:00  INFO 18256 --- [main] o.l.c.requestor.ws.OKXFutureWebSocket    : Subscribing to account data: wss://ws.okx.com:8443/ws/v5/public
2025-10-19T15:47:19.123+07:00  INFO 18256 --- [main] o.l.c.requestor.ws.OKXFutureWebSocket    : Subscribing to: wss://ws.okx.com:8443/ws/v5/public with message {
    "op":"subscribe",
    "args":[
        {
            "channel":"mark-price",
            "instId":"BTC-USDT-SWAP"
        }
    ]
}

2025-10-19T15:47:19.142+07:00  INFO 18256 --- [main] o.l.c.service.ExchangeServiceImplTest    : Starting ExchangeServiceImplTest using Java 21.0.8 with PID 18256 (started by letua in D:\code\hands-on-kafka\crypto-ex-connector\connector)
2025-10-19T15:47:19.142+07:00 DEBUG 18256 --- [main] o.l.c.service.ExchangeServiceImplTest    : Running with Spring Boot v3.3.4, Spring v6.1.13
2025-10-19T15:47:19.142+07:00  INFO 18256 --- [main] o.l.c.service.ExchangeServiceImplTest    : No active profile set, falling back to 1 default profile: "default"
2025-10-19T15:47:19.176+07:00  INFO 18256 --- [main] o.l.c.service.ExchangeServiceImplTest    : Started ExchangeServiceImplTest in 0.047 seconds (process running for 6.443)
2025-10-19T15:47:19.213+07:00 DEBUG 18256 --- [main] .l.c.c.e.AbstractExchangeWebClientConfig : Request: 
GET https://fapi.binance.com/fapi/v1/depth?limit=10&symbol=BTCUSDT

2025-10-19T15:47:19.314+07:00 DEBUG 18256 --- [reactor-http-nio-2] .l.c.c.e.AbstractExchangeWebClientConfig : Response: 	{"lastUpdateId":8928770347289,"E":1760863640405,"T":1760863640396,"bids":[["106424.90","4.726"],["106424.80","0.010"],["106424.70","0.003"],["106424.60","0.023"],["106424.50","0.002"],["106424.30","0.001"],["106424.20","0.006"],["106424.10","0.025"],["106424.00","0.001"],["106423.80","0.001"]],"asks":[["106425.00","3.324"],["106425.10","0.032"],["106425.20","0.005"],["106425.40","0.228"],["106425.50","0.802"],["106425.60","0.051"],["106425.70","0.002"],["106425.80","0.002"],["106426.40","0.053"],["106426.60","0.023"]]}
2025-10-19T15:47:19.331+07:00 DEBUG 18256 --- [main] .l.c.c.e.AbstractExchangeWebClientConfig : Request: 
GET https://www.okx.com/api/v5/market/books-full?instId=BTC-USDT-SWAP&sz=50

2025-10-19T15:47:19.506+07:00  INFO 18256 --- [reactor-http-nio-5] o.l.c.r.ws.BinanceFutureWebSocketTest    : {"e":"aggTrade","E":1760863640594,"a":754600642,"s":"BNBUSDT","p":"1078.500","q":"5.06","f":1883711947,"l":1883711954,"T":1760863640591,"m":false}
2025-10-19T15:47:19.506+07:00  INFO 18256 --- [reactor-http-nio-5] o.l.c.r.ws.BinanceFutureWebSocketTest    : {"e":"aggTrade","E":1760863640594,"a":754600643,"s":"BNBUSDT","p":"1078.510","q":"0.04","f":1883711955,"l":1883711956,"T":1760863640591,"m":false}
2025-10-19T15:47:19.506+07:00  INFO 18256 --- [reactor-http-nio-5] o.l.c.r.ws.BinanceFutureWebSocketTest    : {"e":"aggTrade","E":1760863640594,"a":754600644,"s":"BNBUSDT","p":"1078.520","q":"1.13","f":1883711957,"l":1883711961,"T":1760863640591,"m":false}
2025-10-19T15:47:19.506+07:00  INFO 18256 --- [reactor-http-nio-5] o.l.c.r.ws.BinanceFutureWebSocketTest    : {"e":"aggTrade","E":1760863640594,"a":754600645,"s":"BNBUSDT","p":"1078.530","q":"0.16","f":1883711962,"l":1883711964,"T":1760863640591,"m":false}
2025-10-19T15:47:19.506+07:00  INFO 18256 --- [reactor-http-nio-5] o.l.c.r.ws.BinanceFutureWebSocketTest    : {"e":"aggTrade","E":1760863640594,"a":754600646,"s":"BNBUSDT","p":"1078.540","q":"0.02","f":1883711965,"l":1883711965,"T":1760863640591,"m":false}
2025-10-19T15:47:19.506+07:00  INFO 18256 --- [reactor-http-nio-5] o.l.c.r.ws.BinanceFutureWebSocketTest    : {"e":"aggTrade","E":1760863640594,"a":754600647,"s":"BNBUSDT","p":"1078.550","q":"0.99","f":1883711966,"l":1883711970,"T":1760863640591,"m":false}
2025-10-19T15:47:19.506+07:00  INFO 18256 --- [reactor-http-nio-5] o.l.c.r.ws.BinanceFutureWebSocketTest    : {"e":"aggTrade","E":1760863640594,"a":754600648,"s":"BNBUSDT","p":"1078.560","q":"3.36","f":1883711971,"l":1883711978,"T":1760863640591,"m":false}
2025-10-19T15:47:19.506+07:00  INFO 18256 --- [reactor-http-nio-5] o.l.c.r.ws.BinanceFutureWebSocketTest    : {"e":"aggTrade","E":1760863640594,"a":754600649,"s":"BNBUSDT","p":"1078.570","q":"0.03","f":1883711979,"l":1883711980,"T":1760863640591,"m":false}
2025-10-19T15:47:19.506+07:00  INFO 18256 --- [reactor-http-nio-5] o.l.c.r.ws.BinanceFutureWebSocketTest    : {"e":"aggTrade","E":1760863640594,"a":754600650,"s":"BNBUSDT","p":"1078.580","q":"0.20","f":1883711981,"l":1883711981,"T":1760863640591,"m":false}
2025-10-19T15:47:19.506+07:00  INFO 18256 --- [reactor-http-nio-5] o.l.c.r.ws.BinanceFutureWebSocketTest    : {"e":"aggTrade","E":1760863640594,"a":754600651,"s":"BNBUSDT","p":"1078.590","q":"0.39","f":1883711982,"l":1883711983,"T":1760863640591,"m":false}
2025-10-19T15:47:19.506+07:00  INFO 18256 --- [reactor-http-nio-5] o.l.c.r.ws.BinanceFutureWebSocketTest    : {"e":"aggTrade","E":1760863640594,"a":754600652,"s":"BNBUSDT","p":"1078.600","q":"2.35","f":1883711984,"l":1883711988,"T":1760863640591,"m":false}
2025-10-19T15:47:19.554+07:00  INFO 18256 --- [reactor-http-nio-5] o.l.c.r.ws.BinanceFutureWebSocketTest    : {"e":"aggTrade","E":1760863640644,"a":754600653,"s":"BNBUSDT","p":"1078.610","q":"1.27","f":1883711989,"l":1883711992,"T":1760863640591,"m":false}
2025-10-19T15:47:19.706+07:00  INFO 18256 --- [reactor-http-nio-5] o.l.c.r.ws.BinanceFutureWebSocketTest    : {"e":"aggTrade","E":1760863640795,"a":754600654,"s":"BNBUSDT","p":"1078.600","q":"0.24","f":1883711993,"l":1883711993,"T":1760863640640,"m":false}
2025-10-19T15:47:19.935+07:00 DEBUG 18256 --- [reactor-http-nio-4] .l.c.c.e.AbstractExchangeWebClientConfig : Response: 	{"code":"0","msg":"","data":[{"asks":[["106425.5","407.95","31"],["106425.6","4.18","3"],["106425.7","0.03","1"],["106425.9","1.87","1"],["106426.7","0.01","1"],["106426.8","0.07","2"],["106427.3","44.07","1"],["106427.4","47.01","2"],["106427.5","0.01","1"],["106427.7","37.6","1"],["106428","0.01","1"],["106428.2","0.01","1"],["106428.5","47","1"],["106428.6","0.01","1"],["106429.3","75.31","2"],["106429.4","102.16","1"],["106429.7","1","1"],["106430","0.01","1"],["106430.3","3.86","1"],["106430.4","0.01","1"],["106430.6","0.01","1"],["106430.9","80.81","4"],["106431.3","47","1"],["106431.6","0.1","1"],["106431.8","9.39","1"],["106431.9","0.01","1"],["106432.1","0.03","1"],["106432.3","6","1"],["106432.4","0.35","1"],["106432.6","0.2","1"],["106432.7","6.96","1"],["106432.8","95.73","2"],["106432.9","0.02","2"],["106433.2","23.28","2"],["106433.3","8","1"],["106433.4","36.43","5"],["106433.5","0.02","1"],["106433.7","0.3","1"],["106434.2","22.5","2"],["106434.4","61.15","3"],["106434.5","8.5","1"],["106434.6","11.29","3"],["106434.9","115.14","2"],["106435.2","47","1"],["106435.3","46.99","2"],["106435.4","22.11","2"],["106435.5","9","1"],["106435.8","86.96","3"],["106436","0.01","1"],["106436.3","1.5","1"]],"bids": [["106425.4","610.26","45"],["106425.3","0.04","2"],["106425.2","0.03","1"],["106425","2.67","1"],["106424","2.68","2"],["106423.2","0.02","2"],["106423","2.67","1"],["106421.7","0.01","1"],["106421.3","6","1"],["106421","2.67","1"],["106420.8","6","1"],["106420.2","0.01","1"],["106420.1","0.01","1"],["106420","62.68","3"],["106419","62.67","2"],["106418.7","0.01","1"],["106418.5","0.01","1"],["106418.4","81.7","3"],["106418","62.68","3"],["106417.8","0.06","4"],["106417.3","0.05","1"],["106417","2.67","1"],["106416.2","1","1"],["106416","2.67","1"],["106415.4","0.01","1"],["106415.3","0.01","1"],["106415.1","38.92","1"],["106415","2.69","2"],["106413.8","0.01","1"],["106413.4","0.01","1"],["106413.3","0.01","1"],["106413","12.41","2"],["106412.8","0.01","1"],["106412.6","143.74","2"],["106412.5","95.97","5"],["106412.3","0.25","1"],["106412.1","0.03","1"],["106411.9","0.06","1"],["106411.5","0.01","1"],["106411.1","0.01","1"],["106410","0.05","4"],["106409.9","15.06","3"],["106409.3","52.64","1"],["106408.7","5","1"],["106408.4","0.03","2"],["106408.2","3.85","3"],["106408.1","115.86","4"],["106407.9","0.45","1"],["106407.8","0.44","1"],["106407.7","5.01","2"]],"ts": "1760863641008"}]}
2025-10-19T15:47:19.948+07:00  INFO 18256 --- [main] o.l.c.requestor.ws.OKXFutureWebSocket    : Subscribing to account data: wss://ws.okx.com:8443/ws/v5/public
2025-10-19T15:47:19.948+07:00  INFO 18256 --- [main] o.l.c.requestor.ws.OKXFutureWebSocket    : Subscribing to: wss://ws.okx.com:8443/ws/v5/public with message {
    "op":"subscribe",
    "args":[
        {
            "channel":"mark-price",
            "instId":"BTC-USDT-SWAP"
        }
    ]
}

2025-10-19T15:47:19.951+07:00  INFO 18256 --- [reactor-http-nio-5] o.l.c.r.ws.BinanceFutureWebSocketTest    : {"e":"aggTrade","E":1760863641042,"a":754600655,"s":"BNBUSDT","p":"1078.600","q":"2.23","f":1883711994,"l":1883712000,"T":1760863641040,"m":false}
2025-10-19T15:47:19.951+07:00  INFO 18256 --- [reactor-http-nio-5] o.l.c.r.ws.BinanceFutureWebSocketTest    : {"e":"aggTrade","E":1760863641042,"a":754600656,"s":"BNBUSDT","p":"1078.620","q":"0.05","f":1883712001,"l":1883712003,"T":1760863641040,"m":false}
2025-10-19T15:47:19.951+07:00  INFO 18256 --- [reactor-http-nio-5] o.l.c.r.ws.BinanceFutureWebSocketTest    : {"e":"aggTrade","E":1760863641042,"a":754600657,"s":"BNBUSDT","p":"1078.630","q":"1.37","f":1883712004,"l":1883712007,"T":1760863641040,"m":false}
2025-10-19T15:47:19.951+07:00  INFO 18256 --- [reactor-http-nio-5] o.l.c.r.ws.BinanceFutureWebSocketTest    : {"e":"aggTrade","E":1760863641042,"a":754600658,"s":"BNBUSDT","p":"1078.640","q":"0.01","f":1883712008,"l":1883712008,"T":1760863641040,"m":false}
2025-10-19T15:47:19.951+07:00  INFO 18256 --- [reactor-http-nio-5] o.l.c.r.ws.BinanceFutureWebSocketTest    : {"e":"aggTrade","E":1760863641042,"a":754600659,"s":"BNBUSDT","p":"1078.650","q":"1.46","f":1883712009,"l":1883712011,"T":1760863641040,"m":false}
2025-10-19T15:47:19.951+07:00  INFO 18256 --- [reactor-http-nio-5] o.l.c.r.ws.BinanceFutureWebSocketTest    : {"e":"aggTrade","E":1760863641042,"a":754600660,"s":"BNBUSDT","p":"1078.660","q":"2.19","f":1883712012,"l":1883712015,"T":1760863641040,"m":false}
2025-10-19T15:47:19.951+07:00  INFO 18256 --- [reactor-http-nio-5] o.l.c.r.ws.BinanceFutureWebSocketTest    : {"e":"aggTrade","E":1760863641042,"a":754600661,"s":"BNBUSDT","p":"1078.670","q":"0.98","f":1883712016,"l":1883712021,"T":1760863641040,"m":false}
2025-10-19T15:47:19.951+07:00  INFO 18256 --- [reactor-http-nio-5] o.l.c.r.ws.BinanceFutureWebSocketTest    : {"e":"aggTrade","E":1760863641042,"a":754600662,"s":"BNBUSDT","p":"1078.680","q":"1.54","f":1883712022,"l":1883712025,"T":1760863641040,"m":false}
2025-10-19T15:47:19.952+07:00  INFO 18256 --- [reactor-http-nio-5] o.l.c.r.ws.BinanceFutureWebSocketTest    : {"e":"aggTrade","E":1760863641042,"a":754600663,"s":"BNBUSDT","p":"1078.700","q":"2.68","f":1883712026,"l":1883712030,"T":1760863641040,"m":false}
2025-10-19T15:47:19.952+07:00  INFO 18256 --- [reactor-http-nio-5] o.l.c.r.ws.BinanceFutureWebSocketTest    : {"e":"aggTrade","E":1760863641042,"a":754600664,"s":"BNBUSDT","p":"1078.710","q":"1.14","f":1883712031,"l":1883712032,"T":1760863641040,"m":false}
2025-10-19T15:47:19.952+07:00  INFO 18256 --- [reactor-http-nio-5] o.l.c.r.ws.BinanceFutureWebSocketTest    : {"e":"aggTrade","E":1760863641042,"a":754600665,"s":"BNBUSDT","p":"1078.720","q":"1.27","f":1883712033,"l":1883712049,"T":1760863641040,"m":false}
2025-10-19T15:47:19.952+07:00  INFO 18256 --- [reactor-http-nio-5] o.l.c.r.ws.BinanceFutureWebSocketTest    : {"e":"aggTrade","E":1760863641042,"a":754600666,"s":"BNBUSDT","p":"1078.730","q":"2.60","f":1883712050,"l":1883712053,"T":1760863641040,"m":false}
2025-10-19T15:47:19.952+07:00  INFO 18256 --- [reactor-http-nio-5] o.l.c.r.ws.BinanceFutureWebSocketTest    : {"e":"aggTrade","E":1760863641042,"a":754600667,"s":"BNBUSDT","p":"1078.740","q":"6.10","f":1883712054,"l":1883712057,"T":1760863641040,"m":false}
2025-10-19T15:47:20.101+07:00  INFO 18256 --- [reactor-http-nio-5] o.l.c.r.ws.BinanceFutureWebSocketTest    : {"e":"aggTrade","E":1760863641193,"a":754600668,"s":"BNBUSDT","p":"1078.750","q":"0.48","f":1883712058,"l":1883712062,"T":1760863641040,"m":false}
2025-10-19T15:47:20.307+07:00  INFO 18256 --- [reactor-http-nio-5] o.l.c.r.ws.BinanceFutureWebSocketTest    : {"e":"aggTrade","E":1760863641397,"a":754600669,"s":"BNBUSDT","p":"1078.750","q":"1.85","f":1883712063,"l":1883712064,"T":1760863641299,"m":false}
2025-10-19T15:47:20.307+07:00  INFO 18256 --- [reactor-http-nio-5] o.l.c.r.ws.BinanceFutureWebSocketTest    : {"e":"aggTrade","E":1760863641397,"a":754600670,"s":"BNBUSDT","p":"1078.740","q":"2.11","f":1883712065,"l":1883712073,"T":1760863641393,"m":true}
2025-10-19T15:47:20.321+07:00  INFO 18256 --- [reactor-http-nio-8] o.l.c.r.ws.OKXFutureWebSocketTest        : {"event":"subscribe","arg":{"channel":"mark-price","instId":"BTC-USDT-SWAP"},"connId":"3f58ec86"}
2025-10-19T15:47:20.321+07:00  INFO 18256 --- [reactor-http-nio-8] o.l.c.r.ws.OKXFutureWebSocketTest        : {"arg":{"channel":"mark-price","instId":"BTC-USDT-SWAP"},"data":[{"instId":"BTC-USDT-SWAP","instType":"SWAP","markPx":"106417.3","ts":"1760863641333"}]}
2025-10-19T15:47:20.422+07:00  INFO 18256 --- [reactor-http-nio-5] o.l.c.r.ws.BinanceFutureWebSocketTest    : {"e":"aggTrade","E":1760863641511,"a":754600671,"s":"BNBUSDT","p":"1078.730","q":"0.02","f":1883712074,"l":1883712074,"T":1760863641393,"m":true}
2025-10-19T15:47:20.427+07:00  INFO 18256 --- [reactor-http-nio-5] o.l.c.r.ws.BinanceFutureWebSocketTest    : {"e":"aggTrade","E":1760863641517,"a":754600672,"s":"BNBUSDT","p":"1078.700","q":"0.02","f":1883712075,"l":1883712075,"T":1760863641507,"m":true}
2025-10-19T15:47:20.427+07:00  INFO 18256 --- [reactor-http-nio-5] o.l.c.r.ws.BinanceFutureWebSocketTest    : {"e":"aggTrade","E":1760863641517,"a":754600673,"s":"BNBUSDT","p":"1078.670","q":"0.02","f":1883712076,"l":1883712076,"T":1760863641513,"m":true}
2025-10-19T15:47:20.438+07:00  INFO 18256 --- [reactor-http-nio-5] o.l.c.r.ws.BinanceFutureWebSocketTest    : {"e":"aggTrade","E":1760863641529,"a":754600674,"s":"BNBUSDT","p":"1078.660","q":"0.02","f":1883712077,"l":1883712077,"T":1760863641513,"m":true}
2025-10-19T15:47:20.443+07:00  INFO 18256 --- [reactor-http-nio-5] o.l.c.r.ws.BinanceFutureWebSocketTest    : {"e":"aggTrade","E":1760863641534,"a":754600675,"s":"BNBUSDT","p":"1078.650","q":"0.02","f":1883712078,"l":1883712078,"T":1760863641525,"m":true}
2025-10-19T15:47:20.460+07:00  INFO 18256 --- [reactor-http-nio-8] o.l.c.r.ws.OKXFutureWebSocketTest        : {"arg":{"channel":"mark-price","instId":"BTC-USDT-SWAP"},"data":[{"instId":"BTC-USDT-SWAP","instType":"SWAP","markPx":"106417.6","ts":"1760863641535"}]}
2025-10-19T15:47:20.580+07:00  INFO 18256 --- [reactor-http-nio-5] o.l.c.r.ws.BinanceFutureWebSocketTest    : {"e":"aggTrade","E":1760863641669,"a":754600676,"s":"BNBUSDT","p":"1078.630","q":"1.01","f":1883712079,"l":1883712079,"T":1760863641531,"m":true}
2025-10-19T15:47:20.580+07:00  INFO 18256 --- [reactor-http-nio-5] o.l.c.r.ws.BinanceFutureWebSocketTest    : {"e":"aggTrade","E":1760863641669,"a":754600677,"s":"BNBUSDT","p":"1078.630","q":"0.39","f":1883712080,"l":1883712081,"T":1760863641667,"m":true}
2025-10-19T15:47:20.580+07:00  INFO 18256 --- [reactor-http-nio-5] o.l.c.r.ws.BinanceFutureWebSocketTest    : {"e":"aggTrade","E":1760863641669,"a":754600678,"s":"BNBUSDT","p":"1078.610","q":"0.02","f":1883712082,"l":1883712083,"T":1760863641667,"m":true}
2025-10-19T15:47:20.580+07:00  INFO 18256 --- [reactor-http-nio-5] o.l.c.r.ws.BinanceFutureWebSocketTest    : {"e":"aggTrade","E":1760863641669,"a":754600679,"s":"BNBUSDT","p":"1078.600","q":"0.02","f":1883712084,"l":1883712085,"T":1760863641667,"m":true}
2025-10-19T15:47:20.626+07:00  INFO 18256 --- [reactor-http-nio-5] o.l.c.r.ws.BinanceFutureWebSocketTest    : {"e":"aggTrade","E":1760863641716,"a":754600680,"s":"BNBUSDT","p":"1078.590","q":"0.04","f":1883712086,"l":1883712087,"T":1760863641667,"m":true}
2025-10-19T15:47:20.666+07:00  INFO 18256 --- [reactor-http-nio-8] o.l.c.r.ws.OKXFutureWebSocketTest        : {"arg":{"channel":"mark-price","instId":"BTC-USDT-SWAP"},"data":[{"instId":"BTC-USDT-SWAP","instType":"SWAP","markPx":"106417.8","ts":"1760863641736"}]}
2025-10-19T15:47:20.750+07:00  INFO 18256 --- [reactor-http-nio-5] o.l.c.r.ws.BinanceFutureWebSocketTest    : {"e":"aggTrade","E":1760863641840,"a":754600681,"s":"BNBUSDT","p":"1078.590","q":"0.24","f":1883712088,"l":1883712088,"T":1760863641713,"m":false}
2025-10-19T15:47:20.863+07:00  INFO 18256 --- [reactor-http-nio-8] o.l.c.r.ws.OKXFutureWebSocketTest        : {"arg":{"channel":"mark-price","instId":"BTC-USDT-SWAP"},"data":[{"instId":"BTC-USDT-SWAP","instType":"SWAP","markPx":"106417.6","ts":"1760863641937"}]}
2025-10-19T15:47:20.901+07:00  INFO 18256 --- [reactor-http-nio-5] o.l.c.r.ws.BinanceFutureWebSocketTest    : {"e":"aggTrade","E":1760863641991,"a":754600682,"s":"BNBUSDT","p":"1078.580","q":"0.01","f":1883712089,"l":1883712089,"T":1760863641837,"m":true}
2025-10-19T15:47:21.065+07:00  INFO 18256 --- [reactor-http-nio-8] o.l.c.r.ws.OKXFutureWebSocketTest        : {"arg":{"channel":"mark-price","instId":"BTC-USDT-SWAP"},"data":[{"instId":"BTC-USDT-SWAP","instType":"SWAP","markPx":"106413.8","ts":"1760863642140"}]}
2025-10-19T15:47:21.270+07:00  INFO 18256 --- [reactor-http-nio-8] o.l.c.r.ws.OKXFutureWebSocketTest        : {"arg":{"channel":"mark-price","instId":"BTC-USDT-SWAP"},"data":[{"instId":"BTC-USDT-SWAP","instType":"SWAP","markPx":"106413.5","ts":"1760863642342"}]}
2025-10-19T15:47:21.402+07:00  INFO 18256 --- [reactor-http-nio-5] o.l.c.r.ws.BinanceFutureWebSocketTest    : {"e":"aggTrade","E":1760863642491,"a":754600683,"s":"BNBUSDT","p":"1078.590","q":"10.86","f":1883712090,"l":1883712096,"T":1760863642338,"m":false}
2025-10-19T15:47:21.425+07:00  INFO 18256 --- [reactor-http-nio-6] o.l.c.r.ws.BybitFutureWebSocketTest      : {"topic":"orderbook.500.BTCUSDT","type":"snapshot","ts":1760863640911,"data":{"s":"BTCUSDT","b":[["106417.40","2.706"],["106417.30","0.001"],["106417.20","0.001"],["106417.00","0.056"],["106416.80","0.001"],["106416.40","0.001"],["106416.00","0.001"],["106415.80","0.002"],["106415.50","0.094"],["106415.00","0.001"],["106414.70","0.002"],["106414.20","0.242"],["106414.10","0.004"],["106412.70","0.014"],["106412.40","0.001"],["106412.20","0.793"],["106412.10","1.860"],["106412.00","0.118"],["106411.50","0.001"],["106411.20","0.227"],["106411.00","0.016"],["106410.30","0.003"],["106410.20","0.020"],["106410.10","0.006"],["106410.00","0.003"],["106409.80","0.010"],["106409.10","0.004"],["106408.90","0.140"],["106408.60","0.004"],["106408.50","0.014"],["106408.40","0.213"],["106408.10","0.002"],["106407.80","0.020"],["106407.60","0.001"],["106407.30","0.004"],["106407.20","2.753"],["106407.10","1.452"],["106407.00","0.001"],["106406.90","0.004"],["106406.60","0.126"],["106406.30","0.473"],["106405.90","0.001"],["106405.70","0.004"],["106405.50","0.008"],["106405.40","0.008"],["106405.30","0.004"],["106405.20","0.016"],["106405.00","0.004"],["106404.90","0.005"],["106404.70","0.178"],["106404.60","0.071"],["106404.50","1.262"],["106404.00","0.004"],["106403.90","0.024"],["106403.80","0.004"],["106403.70","0.008"],["106403.60","0.008"],["106403.50","0.243"],["106403.40","0.016"],["106403.10","0.001"],["106403.00","0.008"],["106402.90","0.187"],["106402.80","0.008"],["106402.50","1.190"],["106402.40","0.009"],["106402.30","0.005"],["106402.20","0.948"],["106402.10","0.012"],["106402.00","0.008"],["106401.90","0.032"],["106401.80","0.004"],["106401.70","0.004"],["106401.60","0.012"],["106401.50","0.099"],["106401.40","0.171"],["106401.30","0.016"],["106401.10","0.004"],["106401.00","0.004"],["106400.90","0.004"],["106400.80","0.013"],["106400.70","1.790"],["106400.60","0.584"],["106400.40","0.708"],["106400.30","0.016"],["106400.20","0.016"],["106400.10","0.008"],["106400.00","0.300"],["106399.80","0.004"],["106399.70","0.001"],["106399.50","0.004"],["106399.40","0.004"],["106399.30","0.012"],["106399.20","0.122"],["106399.10","0.004"],["106399.00","0.057"],["106398.90","0.004"],["106398.80","0.008"],["106398.60","0.017"],["106398.50","0.009"],["106398.40","0.004"],["106398.30","0.009"],["106398.20","0.078"],["106398.10","0.050"],["106398.00","0.008"],["106397.90","0.005"],["106397.70","0.004"],["106397.60","0.704"],["106397.50","1.857"],["106397.40","0.001"],["106397.30","0.189"],["106397.20","0.708"],["106397.10","1.794"],["106397.00","0.020"],["106396.90","0.045"],["106396.70","0.004"],["106396.60","0.005"],["106396.50","1.472"],["106396.30","0.008"],["106396.20","0.033"],["106396.10","0.012"],["106396.00","0.020"],["106395.90","0.024"],["106395.80","0.004"],["106395.70","0.004"],["106395.60","0.015"],["106395.50","0.113"],["106395.40","0.825"],["106395.30","0.031"],["106395.20","0.004"],["106395.10","0.004"],["106395.00","0.001"],["106394.90","0.007"],["106394.80","0.004"],["106394.70","0.012"],["106394.60","0.012"],["106394.50","0.004"],["106394.40","0.474"],["106394.30","0.475"],["106394.20","0.008"],["106394.10","0.034"],["106394.00","0.008"],["106393.90","0.010"],["106393.80","0.004"],["106393.70","0.017"],["106393.60","0.038"],["106393.50","0.036"],["106393.40","0.008"],["106393.30","1.791"],["106393.20","0.012"],["106393.10","0.133"],["106393.00","1.018"],["106392.90","0.016"],["106392.80","0.004"],["106392.70","0.001"],["106392.60","0.030"],["106392.50","0.052"],["106392.40","0.056"],["106392.30","0.825"],["106392.20","0.187"],["106392.10","0.115"],["106392.00","0.064"],["106391.90","0.080"],["106391.80","3.886"],["106391.70","0.012"],["106391.60","0.016"],["106391.50","0.040"],["106391.40","0.120"],["106391.30","0.096"],["106391.20","0.029"],["106391.10","0.004"],["106391.00","0.016"],["106390.90","0.024"],["106390.80","0.231"],["106390.70","0.064"],["106390.50","0.016"],["106390.40","0.020"],["106390.30","0.028"],["106390.20","0.020"],["106390.10","0.124"],["106390.00","0.015"],["106389.90","0.009"],["106389.80","0.057"],["106389.70","0.058"],["106389.60","0.022"],["106389.50","0.004"],["106389.40","1.071"],["106389.30","0.094"],["106389.20","0.020"],["106389.10","1.497"],["106388.90","3.032"],["106388.80","0.566"],["106388.70","0.009"],["106388.60","0.041"],["106388.50","0.101"],["106388.40","0.616"],["106388.20","1.785"],["106388.00","0.084"],["106387.90","0.016"],["106387.50","0.018"],["106387.30","0.953"],["106387.20","0.001"],["106386.90","0.103"],["106386.70","0.001"],["106386.50","0.005"],["106386.40","0.093"],["106386.30","0.010"],["106386.20","1.960"],["106386.00","0.945"],["106385.90","0.007"],["106385.60","0.600"],["106385.40","0.030"],["106385.10","0.007"],["106385.00","1.801"],["106384.90","0.185"],["106384.80","0.016"],["106384.60","0.120"],["106384.40","0.115"],["106384.30","0.002"],["106384.20","0.001"],["106384.00","0.465"],["106383.90","0.001"],["106383.60","0.099"],["106383.50","0.018"],["106383.40","0.728"],["106383.10","0.615"],["106383.00","0.044"],["106382.80","0.010"],["106382.30","0.013"],["106382.10","0.187"],["106381.50","0.120"],["106381.30","0.001"],["106381.00","0.093"],["106380.90","0.001"],["106380.10","0.030"],["106380.00","0.048"],["106379.90","0.001"],["106379.80","0.001"],["106379.60","2.358"],["106379.50","1.785"],["106379.40","1.030"],["106379.30","0.001"],["106379.20","0.256"],["106379.10","0.001"],["106379.00","0.002"],["106378.90","0.016"],["106378.60","0.464"],["106378.50","0.520"],["106378.40","0.014"],["106378.30","0.013"],["106378.20","1.032"],["106378.00","0.560"],["106377.00","0.500"],["106376.90","0.014"],["106376.70","0.192"],["106376.60","0.018"],["106376.50","0.001"],["106376.30","0.002"],["106376.20","0.101"],["106376.10","1.177"],["106376.00","0.022"],["106375.70","0.193"],["106375.60","0.135"],["106375.20","0.001"],["106374.80","2.274"],["106374.70","0.022"],["106374.60","0.006"],["106374.50","1.785"],["106374.20","0.041"],["106374.10","0.003"],["106374.00","0.045"],["106373.80","1.424"],["106373.50","0.001"],["106373.40","0.001"],["106373.20","0.461"],["106373.10","0.056"],["106373.00","0.001"],["106372.60","0.660"],["106372.50","0.002"],["106372.40","0.044"],["106372.10","0.014"],["106371.90","0.140"],["106371.10","1.440"],["106370.90","0.185"],["106370.70","0.171"],["106370.60","0.128"],["106370.40","0.001"],["106370.20","0.093"],["106370.00","0.002"],["106369.80","0.006"],["106369.60","1.220"],["106369.50","1.822"],["106369.20","0.024"],["106369.10","0.001"],["106368.80","0.001"],["106368.70","0.001"],["106368.50","0.669"],["106368.30","0.116"],["106368.00","0.122"],["106367.90","0.006"],["106367.80","0.526"],["106367.60","0.002"],["106367.50","0.187"],["106367.40","0.022"],["106367.30","0.006"],["106367.20","0.560"],["106367.10","0.010"],["106367.00","0.028"],["106366.70","0.102"],["106366.50","0.093"],["106366.40","0.006"],["106366.30","0.024"],["106366.00","0.001"],["106365.70","0.002"],["106365.50","0.168"],["106365.30","4.522"],["106365.10","0.001"],["106365.00","0.028"],["106364.90","0.005"],["106364.50","0.080"],["106364.40","0.099"],["106364.30","1.786"],["106364.20","2.908"],["106364.10","0.035"],["106363.90","0.050"],["106363.40","0.001"],["106363.30","1.434"],["106363.10","0.185"],["106363.00","0.073"],["106362.90","0.294"],["106362.40","0.462"],["106362.30","2.813"],["106362.10","0.001"],["106362.00","0.002"],["106361.90","0.822"],["106361.80","3.373"],["106361.70","0.398"],["106361.40","0.571"],["106361.20","0.001"],["106361.00","0.001"],["106360.50","0.001"],["106360.40","2.362"],["106360.00","0.001"],["106359.90","0.001"],["106359.60","0.005"],["106359.50","0.218"],["106359.40","0.001"],["106359.20","0.086"],["106359.10","0.053"],["106358.90","0.136"],["106358.80","0.160"],["106358.70","0.093"],["106358.50","0.024"],["106358.30","0.005"],["106358.20","0.023"],["106358.10","3.317"],["106358.00","0.001"],["106357.90","1.785"],["106357.80","1.324"],["106357.70","0.112"],["106357.60","0.001"],["106357.30","0.081"],["106357.00","0.462"],["106356.80","0.005"],["106356.70","0.127"],["106356.60","1.410"],["106356.40","0.560"],["106356.20","0.407"],["106356.00","0.162"],["106355.90","0.001"],["106355.60","0.001"],["106355.40","0.001"],["106355.30","0.093"],["106355.20","0.616"],["106355.10","2.831"],["106355.00","0.044"],["106354.80","0.136"],["106354.70","0.001"],["106354.50","0.002"],["106354.40","0.185"],["106354.30","0.034"],["106353.90","0.021"],["106353.50","0.005"],["106353.40","0.016"],["106353.30","0.001"],["106352.80","0.099"],["106352.70","0.410"],["106352.50","0.038"],["106352.40","0.001"],["106352.30","0.168"],["106352.20","0.038"],["106351.90","0.002"],["106351.80","0.001"],["106351.60","0.462"],["106351.50","1.801"],["106351.20","0.046"],["106351.00","0.560"],["106350.90","0.093"],["106350.80","0.008"],["106350.50","0.190"],["106350.00","0.074"],["106349.90","0.001"],["106349.70","0.272"],["106349.60","1.996"],["106349.50","1.019"],["106349.40","0.001"],["106349.20","0.186"],["106348.90","0.640"],["106348.40","0.002"],["106347.90","0.560"],["106347.60","0.443"],["106347.40","0.001"],["106347.30","0.072"],["106347.00","0.025"],["106346.90","0.025"],["106346.80","0.788"],["106346.60","0.001"],["106346.50","0.241"],["106346.40","0.016"],["106346.20","0.462"],["106346.10","0.001"],["106346.00","0.005"],["106345.70","0.093"],["106345.60","0.969"],["106345.50","0.001"],["106345.30","1.410"],["106345.10","1.786"],["106344.90","0.001"],["106344.50","0.002"],["106344.30","0.016"],["106344.00","0.001"],["106343.90","0.136"],["106343.80","0.016"],["106343.60","0.056"],["106343.50","1.664"],["106343.30","0.013"],["106343.20","0.080"],["106343.00","0.001"],["106342.70","0.013"],["106342.60","0.001"],["106342.40","0.001"],["106342.30","0.112"],["106341.90","0.001"],["106341.70","0.136"],["106341.50","0.612"],["106341.30","0.185"],["106341.20","0.513"],["106341.00","0.002"],["106340.90","0.215"],["106340.80","0.464"],["106340.20","0.891"],["106340.00","0.001"],["106339.80","0.002"],["106339.40","0.146"],["106339.30","0.019"],["106339.20","0.188"],["106339.10","1.785"],["106339.00","2.848"],["106338.90","0.409"],["106338.50","0.159"],["106338.40","0.001"],["106338.30","0.106"],["106338.00","0.271"],["106337.90","0.093"],["106337.70","0.059"],["106337.60","0.105"],["106337.30","0.002"],["106337.20","0.560"],["106337.10","1.875"],["106337.00","0.200"],["106336.70","0.185"],["106336.60","0.001"],["106336.10","3.553"],["106336.00","0.095"],["106335.80","0.978"],["106335.40","0.556"],["106335.30","0.020"],["106335.00","0.002"],["106334.80","0.560"],["106334.30","0.072"],["106334.10","1.785"],["106334.00","2.000"],["106333.90","0.002"],["106333.70","0.137"],["106333.50","1.420"],["106333.40","0.003"],["106333.20","0.001"],["106333.00","0.071"],["106332.80","0.112"],["106332.60","4.348"],["106332.50","0.093"],["106332.30","1.410"],["106331.60","0.136"],["106331.40","0.001"],["106331.30","6.143"],["106331.20","0.053"],["106331.00","0.189"],["106330.90","0.129"],["106330.60","0.057"],["106330.50","0.906"],["106330.30","0.111"]],"a":[["106417.50","0.021"],["106420.00","0.003"],["106420.10","0.001"],["106421.00","0.005"],["106421.10","0.040"],["106421.20","0.005"],["106422.00","0.003"],["106422.40","0.001"],["106422.50","0.004"],["106423.10","0.001"],["106423.20","0.002"],["106423.70","0.001"],["106424.10","0.001"],["106424.30","0.002"],["106424.90","1.328"],["106425.20","0.009"],["106425.30","0.002"],["106425.40","0.010"],["106425.70","0.001"],["106425.90","0.001"],["106426.00","1.785"],["106426.40","0.005"],["106426.70","0.282"],["106426.80","0.001"],["106427.50","0.002"],["106428.00","0.002"],["106428.10","0.001"],["106428.60","0.002"],["106429.00","0.002"],["106429.10","0.062"],["106429.20","1.884"],["106429.40","0.148"],["106429.70","0.008"],["106430.00","0.005"],["106430.20","0.024"],["106430.40","0.007"],["106430.50","1.170"],["106430.60","0.106"],["106430.70","0.002"],["106430.80","0.001"],["106431.30","0.281"],["106431.40","0.016"],["106431.60","0.001"],["106431.70","0.017"],["106431.90","0.004"],["106432.00","0.006"],["106432.10","0.004"],["106432.20","0.005"],["106432.40","0.004"],["106432.70","0.003"],["106432.80","0.099"],["106432.90","0.217"],["106433.00","0.005"],["106433.10","2.725"],["106433.20","0.008"],["106433.30","0.067"],["106433.40","0.016"],["106433.50","0.040"],["106433.60","0.024"],["106433.70","0.200"],["106433.80","0.024"],["106433.90","0.025"],["106434.00","0.221"],["106434.20","0.004"],["106434.30","0.102"],["106434.40","0.004"],["106434.50","0.013"],["106434.70","0.047"],["106434.80","0.012"],["106434.90","0.441"],["106435.00","0.008"],["106435.10","0.020"],["106435.20","0.021"],["106435.30","2.408"],["106435.40","0.033"],["106435.50","0.026"],["106435.60","0.034"],["106435.70","0.029"],["106435.80","0.026"],["106435.90","0.022"],["106436.00","0.108"],["106436.10","0.002"],["106436.30","1.789"],["106436.40","0.955"],["106436.50","0.024"],["106436.60","0.028"],["106436.70","0.131"],["106436.80","0.580"],["106436.90","0.040"],["106437.00","0.020"],["106437.10","0.032"],["106437.20","0.012"],["106437.30","0.134"],["106437.40","0.016"],["106437.50","0.029"],["106437.60","0.029"],["106437.70","0.020"],["106437.80","0.065"],["106437.90","0.052"],["106438.00","0.048"],["106438.10","0.065"],["106438.20","0.028"],["106438.30","0.020"],["106438.40","0.012"],["106438.50","0.010"],["106438.60","0.008"],["106438.80","0.016"],["106438.90","0.066"],["106439.20","0.832"],["106439.30","0.004"],["106439.40","0.029"],["106439.50","0.024"],["106439.60","0.067"],["106439.70","1.798"],["106439.80","0.096"],["106439.90","1.954"],["106440.00","1.641"],["106440.10","1.434"],["106440.20","0.018"],["106440.30","2.817"],["106440.40","1.037"],["106440.70","0.016"],["106440.80","0.006"],["106441.00","0.028"],["106441.10","0.012"],["106441.40","0.006"],["106441.60","0.140"],["106441.70","0.008"],["106441.80","0.002"],["106441.90","0.004"],["106442.20","0.010"],["106442.30","0.204"],["106442.40","0.891"],["106442.50","0.004"],["106442.60","0.004"],["106442.70","0.005"],["106442.80","0.005"],["106442.90","0.009"],["106443.00","0.052"],["106443.10","0.048"],["106443.20","0.084"],["106443.30","0.625"],["106443.40","0.076"],["106443.50","0.088"],["106443.60","0.068"],["106443.70","0.061"],["106443.80","0.049"],["106443.90","0.024"],["106444.00","0.477"],["106444.10","0.949"],["106444.20","0.008"],["106444.30","0.004"],["106444.60","0.022"],["106444.70","0.004"],["106444.80","0.616"],["106444.90","0.017"],["106445.00","0.012"],["106445.10","0.199"],["106445.40","1.433"],["106445.50","2.339"],["106445.60","0.302"],["106445.80","0.821"],["106445.90","0.821"],["106446.30","0.008"],["106446.40","0.004"],["106446.50","0.004"],["106446.60","0.014"],["106446.80","0.099"],["106447.00","0.972"],["106447.20","0.001"],["106447.60","0.001"],["106447.70","0.001"],["106447.80","0.113"],["106448.00","0.001"],["106448.30","0.001"],["106448.40","0.125"],["106448.50","0.005"],["106448.70","0.060"],["106448.90","0.002"],["106449.00","0.025"],["106449.10","0.972"],["106449.40","0.001"],["106449.50","0.043"],["106450.00","0.064"],["106450.30","0.099"],["106450.40","1.454"],["106450.50","1.785"],["106450.90","0.115"],["106451.00","0.073"],["106451.20","0.003"],["106451.50","0.001"],["106451.60","0.001"],["106451.90","0.001"],["106452.00","0.027"],["106452.30","0.111"],["106452.50","0.001"],["106452.70","0.037"],["106453.10","0.113"],["106453.20","0.002"],["106453.30","1.253"],["106453.50","0.093"],["106453.60","0.173"],["106453.80","0.329"],["106453.90","1.785"],["106454.00","0.001"],["106454.10","0.001"],["106454.20","0.001"],["106454.30","0.001"],["106455.00","0.093"],["106455.20","0.020"],["106455.30","0.002"],["106455.60","0.027"],["106455.70","0.014"],["106455.80","0.011"],["106455.90","0.828"],["106456.10","0.112"],["106456.30","0.001"],["106456.50","0.100"],["106457.10","2.193"],["106457.20","1.785"],["106457.40","0.005"],["106457.50","0.002"],["106457.60","0.015"],["106457.80","0.005"],["106457.90","0.070"],["106458.00","0.129"],["106458.10","0.035"],["106458.40","0.021"],["106458.60","0.095"],["106458.70","0.038"],["106458.80","0.093"],["106459.00","0.070"],["106459.10","0.187"],["106459.20","2.837"],["106459.30","0.099"],["106459.40","0.002"],["106459.50","0.094"],["106459.60","1.128"],["106459.80","0.001"],["106459.90","0.001"],["106460.00","0.149"],["106460.10","0.070"],["106460.20","0.015"],["106460.70","0.071"],["106460.80","0.022"],["106460.90","2.613"],["106461.00","0.093"],["106461.10","0.002"],["106461.20","3.399"],["106461.50","2.815"],["106461.60","0.003"],["106461.70","0.002"],["106461.80","1.372"],["106462.00","0.017"],["106462.10","0.091"],["106462.30","0.023"],["106462.50","0.002"],["106462.60","0.093"],["106462.80","0.037"],["106462.90","0.153"],["106463.00","0.032"],["106463.30","1.020"],["106463.40","2.814"],["106463.50","0.002"],["106463.60","0.416"],["106463.70","0.068"],["106463.80","0.004"],["106463.90","0.003"],["106464.00","0.188"],["106464.10","1.785"],["106464.20","0.558"],["106464.30","0.333"],["106464.50","0.411"],["106464.80","0.118"],["106464.90","0.093"],["106465.00","0.002"],["106465.10","0.005"],["106465.60","0.014"],["106465.70","0.007"],["106465.80","0.093"],["106465.90","0.001"],["106466.00","2.815"],["106466.10","0.099"],["106466.20","0.276"],["106466.40","0.003"],["106466.50","0.621"],["106466.60","0.112"],["106466.70","0.003"],["106466.80","0.070"],["106467.10","0.564"],["106467.20","1.411"],["106467.30","0.119"],["106467.40","4.755"],["106467.50","1.805"],["106467.70","0.201"],["106468.20","0.002"],["106468.30","0.020"],["106468.60","0.822"],["106468.80","0.001"],["106469.00","0.123"],["106469.10","4.688"],["106469.30","0.005"],["106469.40","0.414"],["106469.60","0.464"],["106470.00","0.056"],["106470.10","0.002"],["106470.20","0.011"],["106470.30","0.095"],["106470.60","0.101"],["106470.80","0.002"],["106470.90","0.003"],["106471.00","0.412"],["106471.10","0.172"],["106471.20","10.119"],["106471.30","1.885"],["106471.60","0.001"],["106471.80","0.002"],["106471.90","0.049"],["106472.00","0.001"],["106472.20","0.184"],["106472.70","0.809"],["106472.90","0.001"],["106473.00","0.001"],["106473.50","0.231"],["106473.80","0.093"],["106474.00","0.095"],["106474.20","0.004"],["106474.40","0.015"],["106474.50","0.010"],["106475.00","0.562"],["106475.10","0.620"],["106475.20","0.415"],["106475.30","0.001"],["106475.40","0.093"],["106475.50","0.014"],["106475.60","0.185"],["106475.70","0.094"],["106475.80","0.060"],["106476.00","0.091"],["106476.10","0.001"],["106476.30","1.312"],["106476.70","0.091"],["106476.80","0.187"],["106477.00","0.095"],["106477.10","0.016"],["106477.30","0.056"],["106477.40","0.001"],["106477.60","0.005"],["106477.70","2.452"],["106477.80","1.857"],["106478.20","0.510"],["106478.50","0.016"],["106478.60","0.093"],["106478.90","0.005"],["106479.60","0.001"],["106479.70","0.010"],["106480.00","0.003"],["106480.10","0.001"],["106480.30","1.408"],["106480.40","0.464"],["106480.50","0.093"],["106480.60","0.001"],["106480.80","0.103"],["106480.90","0.112"],["106481.10","0.093"],["106481.40","0.099"],["106481.50","0.171"],["106481.60","0.619"],["106481.70","0.504"],["106481.80","1.866"],["106481.90","0.185"],["106482.40","0.293"],["106482.50","0.119"],["106482.60","0.208"],["106482.70","0.001"],["106482.80","0.001"],["106483.00","0.167"],["106483.10","0.002"],["106483.20","0.001"],["106483.40","0.017"],["106483.50","0.002"],["106483.60","0.001"],["106484.00","0.009"],["106484.20","0.001"],["106484.30","0.093"],["106484.80","0.001"],["106484.90","1.510"],["106485.00","1.790"],["106485.10","0.008"],["106485.20","0.001"],["106485.50","0.001"],["106485.70","0.008"],["106485.80","0.461"],["106486.20","0.001"],["106486.40","0.001"],["106486.50","0.093"],["106486.70","0.569"],["106486.80","0.188"],["106487.00","0.038"],["106487.10","0.001"],["106487.40","0.269"],["106487.50","1.388"],["106487.60","0.005"],["106487.70","0.001"],["106487.90","2.353"],["106488.00","0.001"],["106488.20","2.480"],["106488.40","0.002"],["106488.50","0.002"],["106488.80","0.276"],["106488.90","0.149"],["106489.20","0.009"],["106489.60","0.002"],["106490.00","0.005"],["106490.10","0.009"],["106490.60","0.001"],["106490.70","0.004"],["106490.90","0.005"],["106491.00","0.001"],["106491.10","0.071"],["106491.20","0.461"],["106491.70","0.091"],["106491.90","0.093"],["106492.40","0.001"],["106492.80","1.885"],["106492.90","0.001"],["106493.20","0.004"],["106493.30","0.008"],["106493.40","0.113"],["106493.60","1.795"],["106494.00","0.023"],["106494.10","0.397"],["106494.20","1.411"],["106494.50","0.023"],["106494.60","0.147"],["106494.70","0.779"],["106495.00","0.002"],["106495.20","0.021"],["106495.40","1.859"],["106495.90","0.133"],["106496.00","0.093"],["106496.50","1.244"],["106496.60","0.466"],["106496.70","0.704"],["106496.90","0.386"],["106497.00","0.091"],["106497.10","0.001"],["106497.20","0.001"],["106497.30","0.653"],["106497.40","0.001"],["106497.90","0.001"],["106498.00","0.891"],["106498.10","0.008"],["106498.20","0.003"],["106498.30","0.001"],["106498.50","0.099"],["106498.80","0.187"],["106498.90","0.704"],["106499.00","0.100"],["106499.10","0.012"],["106499.20","0.003"],["106499.30","0.002"],["106499.40","0.001"],["106499.50","0.091"],["106499.60","1.002"],["106499.70","0.385"],["106499.90","0.009"],["106500.00","0.164"],["106500.30","0.003"],["106501.00","0.580"],["106501.10","0.012"],["106501.20","0.001"],["106501.30","0.116"],["106501.60","0.001"],["106501.70","0.169"],["106501.80","0.193"],["106502.00","0.604"],["106502.50","0.008"],["106502.70","0.458"],["106502.90","0.187"],["106503.00","0.091"],["106503.10","0.080"],["106503.60","0.268"],["106503.70","0.001"],["106503.90","0.002"],["106504.50","0.002"],["106504.70","2.271"],["106504.80","1.408"],["106505.50","0.071"],["106505.60","0.097"],["106505.80","0.016"],["106506.00","0.187"],["106506.10","0.321"],["106506.20","0.019"],["106506.40","0.006"],["106506.60","0.016"],["106506.70","0.925"],["106506.80","0.001"],["106506.90","0.001"],["106507.10","0.431"]],"u":4410776,"seq":467849197029},"cts":1760863640810}
2025-10-19T15:47:21.429+07:00  INFO 18256 --- [reactor-http-nio-6] o.l.c.r.ws.BybitFutureWebSocketTest      : {"topic":"orderbook.500.BTCUSDT","type":"delta","ts":1760863640913,"data":{"s":"BTCUSDT","b":[["106417.40","2.356"],["106412.10","0"],["106409.10","0"],["106408.90","0"],["106408.60","1.860"],["106407.30","0"],["106407.20","1.093"],["106406.70","0.001"],["106406.30","0.004"],["106404.70","1.704"],["106404.60","0.010"],["106404.50","1.261"],["106402.90","0"],["106402.50","1.753"],["106401.40","0.116"],["106401.00","0.022"],["106400.90","0.013"],["106400.80","0.022"],["106400.70","1.808"],["106400.60","0.602"],["106400.50","0.009"],["106400.40","0.004"],["106400.20","0.025"],["106400.00","0.309"],["106398.40","0.708"],["106397.60","0"],["106397.50","2.943"],["106397.20","0.004"],["106396.70","0"],["106396.10","0.016"],["106394.80","0.708"],["106394.40","1.178"],["106393.20","0.013"],["106391.60","0.012"],["106391.00","0.020"],["106388.90","2.845"],["106388.80","0.561"],["106388.50","0.004"],["106388.30","0.097"],["106388.10","0.004"],["106388.00","0.271"],["106386.70","0"],["106386.50","0.001"],["106366.60","2.819"],["106366.30","0.164"],["106365.60","0.001"],["106364.60","0.004"],["106363.50","0.469"],["106348.00","0.025"],["106347.90","0.585"],["106347.00","0"],["106346.90","0"],["106343.50","0"],["106338.40","1.966"],["106337.60","0.108"],["106330.00","0.466"],["106329.50","0.001"]],"a":[["106417.50","0.714"],["106417.60","0.019"],["106420.10","0.025"],["106421.00","0.026"],["106421.10","0.041"],["106424.10","0.227"],["106424.20","0.003"],["106424.70","0.003"],["106424.80","0.340"],["106429.00","0.003"],["106430.30","0.001"],["106430.50","1.380"],["106430.70","0"],["106431.10","0.001"],["106432.70","0.004"],["106432.90","0.218"],["106433.20","0.010"],["106433.50","0.024"],["106434.00","0.322"],["106434.20","0.191"],["106434.90","0.016"],["106435.10","0.011"],["106435.40","0.024"],["106435.50","0.017"],["106435.60","0.016"],["106435.70","0.020"],["106435.80","0.318"],["106435.90","0.013"],["106436.00","0.099"],["106436.80","0.584"],["106439.20","0.622"],["106439.50","0.211"],["106439.60","2.884"],["106439.70","1.789"],["106439.90","3.293"],["106440.00","1.637"],["106440.10","1.247"],["106440.20","0.020"],["106440.30","0"],["106440.40","1.039"],["106441.60","0.144"],["106442.50","0.002"],["106442.60","0"],["106442.90","0.478"],["106444.00","0.008"],["106445.40","2.843"],["106445.60","0.304"],["106447.80","0.159"],["106452.60","0.015"],["106453.30","0"],["106458.80","0.556"],["106474.20","0"],["106474.50","0.008"],["106474.60","0.002"],["106480.20","0.001"],["106486.00","0.004"],["106487.60","0.001"],["106488.30","0.640"],["106492.00","1.859"],["106493.80","0.704"],["106495.40","0"],["106495.60","0.704"],["106495.70","0.704"],["106496.70","0"],["106498.00","0.187"],["106498.90","0"],["106500.90","1.977"],["106502.10","0.097"],["106505.60","0"],["106506.10","0"],["106506.20","0"],["106506.40","0"],["106506.60","0"],["106506.70","0"],["106506.80","0"],["106506.90","0"],["106507.10","0"]],"u":4410777,"seq":467849197980},"cts":1760863640910}
2025-10-19T15:47:21.458+07:00  INFO 18256 --- [reactor-http-nio-6] o.l.c.r.ws.BybitFutureWebSocketTest      : {"topic":"orderbook.500.BTCUSDT","type":"delta","ts":1760863641011,"data":{"s":"BTCUSDT","b":[["106417.40","2.331"],["106414.20","0.258"],["106412.20","0.189"],["106408.90","0.140"],["106408.60","0.004"],["106408.10","0.006"],["106408.00","1.723"],["106407.90","1.860"],["106407.80","0.004"],["106407.30","0.218"],["106407.20","0"],["106407.00","0.016"],["106406.70","0"],["106404.70","0.647"],["106404.60","0.011"],["106404.10","1.057"],["106401.40","0.004"],["106399.70","0.081"],["106398.40","0.004"],["106397.70","0.708"],["106396.10","0.012"],["106396.00","0.024"],["106394.40","0.474"],["106394.30","0.476"],["106393.40","0.712"],["106391.70","0.013"],["106391.30","0.097"],["106391.00","0.016"],["106390.10","0.128"],["106388.70","0.196"],["106388.50","2.823"],["106388.30","0"],["106388.10","0"],["106388.00","0.084"],["106387.00","0.101"],["106373.60","0.026"],["106366.60","0"],["106366.30","0.024"],["106365.60","0"],["106365.20","0.004"],["106364.60","0"],["106364.30","2.255"],["106363.50","0"],["106363.30","1.435"]],"a":[["106417.50","0.021"],["106417.60","0.018"],["106420.90","0.001"],["106421.10","0.040"],["106424.00","0.003"],["106424.80","0"],["106428.60","0.096"],["106429.00","0.002"],["106430.30","0"],["106431.10","0"],["106432.70","0.003"],["106432.90","0.217"],["106433.50","0.040"],["106434.70","0"],["106438.20","0.075"],["106439.20","0.001"],["106439.50","0.024"],["106439.60","0.067"],["106440.10","1.434"],["106440.20","0.018"],["106440.30","2.817"],["106440.40","1.041"],["106441.60","0.140"],["106442.30","0.208"],["106442.60","0.009"],["106442.90","0.018"],["106443.10","0.057"],["106443.20","0.093"],["106443.30","0.634"],["106443.40","0.572"],["106443.50","0.097"],["106443.60","0.077"],["106443.70","0.070"],["106445.60","0.306"],["106447.30","0.009"],["106451.90","0.005"],["106452.60","0.011"],["106479.50","0.001"],["106480.20","0"],["106480.50","0.094"],["106480.60","0"],["106485.20","0.005"],["106486.00","0"],["106506.10","0.321"]],"u":4410778,"seq":467849199178},"cts":1760863641008}
2025-10-19T15:47:21.458+07:00  INFO 18256 --- [reactor-http-nio-6] o.l.c.r.ws.BybitFutureWebSocketTest      : {"topic":"orderbook.500.BTCUSDT","type":"delta","ts":1760863641111,"data":{"s":"BTCUSDT","b":[["106410.10","0.021"],["106404.70","1.704"],["106404.10","0"],["106401.40","0.116"],["106398.20","0.008"],["106396.20","0.037"],["106396.00","0.020"],["106394.30","0.475"],["106394.00","0.100"],["106393.20","0.014"],["106391.30","0.096"],["106390.20","0.024"],["106390.10","0.124"],["106389.30","0.095"],["106388.80","0.562"],["106388.60","2.860"],["106388.50","0.004"],["106387.10","0.004"],["106387.00","0.097"],["106365.50","0.169"],["106365.40","0.004"],["106365.20","0"],["106346.90","0.901"],["106346.80","0"]],"a":[["106421.00","0.027"],["106424.00","0"],["106424.20","0"],["106424.70","0"],["106440.10","1.247"],["106440.20","3.022"],["106440.30","0"],["106440.40","1.039"],["106443.10","0.059"],["106443.40","0.103"],["106443.50","0.566"],["106445.50","2.341"],["106445.60","0.304"],["106474.50","0.010"],["106474.60","0"],["106479.50","0"],["106479.60","0.002"],["106488.20","2.350"],["106506.20","0.019"],["106506.40","0.006"],["106506.60","0.016"],["106506.70","0.925"],["106506.80","0.001"],["106506.90","0.001"]],"u":4410779,"seq":467849200602},"cts":1760863641109}
2025-10-19T15:47:21.458+07:00  INFO 18256 --- [reactor-http-nio-6] o.l.c.r.ws.BybitFutureWebSocketTest      : {"topic":"orderbook.500.BTCUSDT","type":"delta","ts":1760863641211,"data":{"s":"BTCUSDT","b":[["106414.70","0"],["106410.80","0.022"],["106410.10","0.006"],["106407.00","0.001"],["106405.70","0.473"],["106404.70","0.178"],["106398.60","0.721"],["106397.70","0.004"],["106396.40","0.004"],["106396.30","0.023"],["106396.20","0.033"],["106394.90","0.711"],["106393.40","0.010"],["106393.30","1.792"],["106393.20","0.012"],["106390.30","0.032"],["106390.20","0.020"],["106389.30","0.094"],["106388.70","0.009"],["106388.60","0.041"],["106388.50","3.010"],["106387.40","0.004"],["106387.10","0"],["106383.20","1.057"],["106365.40","0"],["106365.20","0.004"],["106364.30","1.786"],["106364.10","0.504"],["106363.40","0.002"],["106363.30","1.434"],["106362.00","0.001"],["106361.90","0.821"],["106361.00","0.002"],["106360.90","0.001"],["106352.80","1.261"],["106346.90","0"],["106337.60","0.105"],["106330.00","0"],["106329.50","0"]],"a":[["106417.90","0.002"],["106428.60","0.094"],["106433.50","0.024"],["106434.20","0.004"],["106439.90","3.480"],["106440.00","4.454"],["106440.20","0.018"],["106440.30","0.002"],["106442.20","0.014"],["106442.30","0"],["106443.20","0.562"],["106443.50","0.097"],["106445.60","0.300"],["106445.90","0.823"],["106447.80","0.113"],["106449.00","0"],["106449.10","0.947"],["106450.00","0.089"],["106450.10","0.025"],["106453.50","0.827"],["106458.00","0.094"],["106458.10","0"],["106459.00","0.105"],["106459.10","0.222"],["106479.60","0.001"],["106485.20","0.001"],["106485.30","0.004"],["106488.20","1.786"],["106506.90","0"]],"u":4410780,"seq":467849201823},"cts":1760863641208}
2025-10-19T15:47:21.458+07:00  INFO 18256 --- [reactor-http-nio-6] o.l.c.r.ws.BybitFutureWebSocketTest      : {"topic":"orderbook.500.BTCUSDT","type":"delta","ts":1760863641311,"data":{"s":"BTCUSDT","b":[["106412.20","0.771"],["106411.10","0.022"],["106411.00","0.086"],["106410.80","0"],["106409.00","1.860"],["106408.10","0.224"],["106407.90","0"],["106407.30","0"],["106405.60","0.001"],["106404.60","1.067"],["106394.20","0.009"],["106391.90","0.081"],["106391.70","0.012"],["106388.90","5.851"],["106388.50","0.004"],["106383.20","0"],["106365.50","0.173"],["106365.20","0"],["106364.50","0.549"],["106364.10","0.035"],["106363.40","0.001"],["106346.90","0.901"],["106330.00","0.466"]],"a":[["106429.40","0.008"],["106432.90","0.212"],["106439.90","3.293"],["106440.00","1.637"],["106440.30","3.006"],["106440.40","1.037"],["106442.20","0.010"],["106442.50","0.006"],["106443.10","0.057"],["106443.20","0.093"],["106443.30","0.636"],["106443.60","0.546"],["106480.80","0.104"],["106485.30","0"],["106485.40","0.004"],["106488.20","2.488"],["106495.70","0"],["106496.90","1.090"],["106502.10","0"],["106503.60","0.365"],["106506.90","0.001"],["106507.10","0.431"]],"u":4410781,"seq":467849202945},"cts":1760863641308}
2025-10-19T15:47:21.459+07:00  INFO 18256 --- [reactor-http-nio-6] o.l.c.r.ws.BybitFutureWebSocketTest      : {"topic":"orderbook.500.BTCUSDT","type":"delta","ts":1760863641411,"data":{"s":"BTCUSDT","b":[["106411.10","0"],["106407.00","0.002"],["106405.60","0"],["106398.20","0.078"],["106394.80","0.709"],["106394.30","0.476"],["106394.20","0.008"],["106393.30","1.791"],["106391.90","0.080"],["106390.30","0.028"],["106390.10","0.128"],["106389.00","0.001"],["106388.90","2.845"],["106388.80","0.748"],["106388.50","2.823"],["106387.40","0"],["106375.40","0.042"],["106365.90","0.004"],["106365.50","0.168"],["106365.40","0.004"],["106364.50","0.080"],["106364.40","0.568"],["106363.90","0.051"],["106347.00","0.002"],["106337.60","0.109"],["106330.30","0"],["106330.00","0"]],"a":[["106420.90","0"],["106421.00","0.001"],["106421.10","0.041"],["106423.60","0.003"],["106423.90","0.003"],["106424.00","0.003"],["106435.20","0.051"],["106440.10","1.434"],["106440.30","2.817"],["106440.40","1.041"],["106441.60","0"],["106442.30","0.004"],["106442.50","0.002"],["106443.30","0.634"],["106443.40","0.574"],["106443.60","0.077"],["106447.80","0.157"],["106463.90","0.002"],["106480.10","0.002"],["106480.80","0.103"],["106485.20","0.005"],["106485.40","0"],["106502.00","0.464"],["106507.10","0"]],"u":4410782,"seq":467849203868},"cts":1760863641408}
2025-10-19T15:47:21.466+07:00  INFO 18256 --- [reactor-http-nio-8] o.l.c.r.ws.OKXFutureWebSocketTest        : {"arg":{"channel":"mark-price","instId":"BTC-USDT-SWAP"},"data":[{"instId":"BTC-USDT-SWAP","instType":"SWAP","markPx":"106413.3","ts":"1760863642543"}]}
